<?xml version="1.0" encoding="UTF-8"?>
<!DOCTYPE html PUBLIC "-//W3C//DTD XHTML 1.0 Transitional//EN"
    "http://www.w3.org/TR/xhtml1/DTD/xhtml1-transitional.dtd">
<html xmlns="http://www.w3.org/1999/xhtml" xml:lang="en" lang="en">
 <head>
  <title>
</title>
<meta http-equiv="Content-Type" content="text/html;charset=utf-8" />
  <meta name='ocr-system' content='tesseract 3.04.00' />
  <meta name='ocr-capabilities' content='ocr_page ocr_carea ocr_par ocr_line ocrx_word'/>
</head>
<body>
  <div class='ocr_page' id='page_1' title='image "./philojudaeusope03unkngoog_0584.png"; bbox 0 0 2394 3690; ppageno 0'>
   <div class='ocr_carea' id='block_1_1' title="bbox 167 85 1161 222">
    <p class='ocr_par' dir='ltr' id='par_1_1' title="bbox 167 85 1161 222">
     <span class='ocr_line' id='line_1_1' title="bbox 167 85 1161 222; baseline 0.013 -39"><span class='ocrx_word' id='word_1_1' title='bbox 167 175 207 218; x_wconf 20' lang='grc' dir='ltr'><strong>Ι,</strong></span> <span class='ocrx_word' id='word_1_2' title='bbox 253 123 353 186; x_wconf 77' lang='lat' dir='ltr'><strong>rma</strong></span> <span class='ocrx_word' id='word_1_3' title='bbox 378 123 455 186; x_wconf 44' lang='lat' dir='ltr'><strong>ruo,</strong></span> <span class='ocrx_word' id='word_1_4' title='bbox 468 123 648 222; x_wconf 59' lang='grc' dir='ltr'><strong>διιιιιιιι.</strong></span> <span class='ocrx_word' id='word_1_5' title='bbox 669 85 905 216; x_wconf 76' lang='lat' dir='ltr'><strong>amaranto:</strong></span> <span class='ocrx_word' id='word_1_6' title='bbox 965 119 1028 194; x_wconf 74' lang='lat'><strong>247</strong></span> <span class='ocrx_word' id='word_1_7' title='bbox 1069 151 1071 156; x_wconf 96' lang='lat'>·</span> <span class='ocrx_word' id='word_1_8' title='bbox 1157 125 1161 132; x_wconf 84' lang='grc'><strong>’</strong></span> 
     </span>
    </p>
   </div>
   <div class='ocr_carea' id='block_1_2' title="bbox 10 257 1187 2377">
    <p class='ocr_par' dir='ltr' id='par_1_2' title="bbox 10 257 1029 366">
     <span class='ocr_line' id='line_1_2' title="bbox 10 257 1029 366; baseline 0 -26"><span class='ocrx_word' id='word_1_9' title='bbox 10 275 12 366; x_wconf 66' lang='grc' dir='ltr'>ξ</span> <span class='ocrx_word' id='word_1_10' title='bbox 64 257 83 316; x_wconf 87' lang='lat'><strong>.&#39;</strong></span> <span class='ocrx_word' id='word_1_11' title='bbox 113 280 247 343; x_wconf 79' lang='lat' dir='ltr'><strong>colendis</strong></span> <span class='ocrx_word' id='word_1_12' title='bbox 268 282 424 358; x_wconf 85' lang='lat' dir='ltr'><strong>inscriptus</strong></span> <span class='ocrx_word' id='word_1_13' title='bbox 446 291 507 356; x_wconf 86' lang='lat' dir='ltr'><strong>est,</strong></span> <span class='ocrx_word' id='word_1_14' title='bbox 524 283 564 342; x_wconf 82' lang='lat' dir='ltr'><strong>&#39;dc</strong></span> <span class='ocrx_word' id='word_1_15' title='bbox 577 282 668 356; x_wconf 84' lang='lat' dir='ltr'><strong>festo</strong></span> <span class='ocrx_word' id='word_1_16' title='bbox 690 282 810 361; x_wconf 82' lang='lat' dir='ltr'><strong>eopbs&#39;or&#39;</strong></span> <span class='ocrx_word' id='word_1_17' title='bbox 831 283 918 354; x_wconf 80' lang='lat' dir='ltr'><strong>alter,</strong></span> <span class='ocrx_word' id='word_1_18' title='bbox 939 296 1029 356; x_wconf 89' lang='lat' dir='ltr'><strong>quum</strong></span> 
     </span>
    </p>

    <p class='ocr_par' dir='ltr' id='par_1_3' title="bbox 11 383 1187 1164">
     <span class='ocr_line' id='line_1_3' title="bbox 11 383 1187 462; baseline 0.001 -23"><span class='ocrx_word' id='word_1_19' title='bbox 11 383 12 386; x_wconf 71' lang='grc'>’</span> <span class='ocrx_word' id='word_1_20' title='bbox 113 383 243 457; x_wconf 75' lang='lat' dir='ltr'><strong>aliquam</strong></span> <span class='ocrx_word' id='word_1_21' title='bbox 267 383 315 440; x_wconf 90' lang='lat' dir='ltr'><strong>diu</strong></span> <span class='ocrx_word' id='word_1_22' title='bbox 336 385 367 442; x_wconf 91' lang='lat' dir='ltr'><strong>in</strong></span> <span class='ocrx_word' id='word_1_23' title='bbox 389 383 564 442; x_wconf 78' lang='lat' dir='ltr'><strong>bibliotheca</strong></span> <span class='ocrx_word' id='word_1_24' title='bbox 583 383 754 440; x_wconf 84' lang='lat' dir='ltr'><strong>Florentiae</strong></span> <span class='ocrx_word' id='word_1_25' title='bbox 774 383 904 462; x_wconf 75' lang='lat' dir='ltr'><strong>neglecti</strong></span> <span class='ocrx_word' id='word_1_26' title='bbox 923 383 1029 442; x_wconf 78' lang='lat' dir='ltr'><strong>iacuis-</strong></span> <span class='ocrx_word' id='word_1_27' title='bbox 1132 391 1136 396; x_wconf 88' lang='grc'><strong>’</strong></span> <span class='ocrx_word' id='word_1_28' title='bbox 1186 393 1187 396; x_wconf 75' lang='grc'>’</span> 
     </span>
     <span class='ocr_line' id='line_1_4' title="bbox 111 483 1029 560; baseline -0.004 -16"><span class='ocrx_word' id='word_1_29' title='bbox 111 493 200 558; x_wconf 86' lang='lat' dir='ltr'><strong>sent,</strong></span> <span class='ocrx_word' id='word_1_30' title='bbox 229 485 343 543; x_wconf 83' lang='lat' dir='ltr'><strong>invenit</strong></span> <span class='ocrx_word' id='word_1_31' title='bbox 371 484 520 558; x_wconf 77' lang='lat' dir='ltr'><strong>ediditque</strong></span> <span class='ocrx_word' id='word_1_32' title='bbox 548 483 706 542; x_wconf 81' lang='lat' dir='ltr'><strong>Mediolani</strong></span> <span class='ocrx_word' id='word_1_33' title='bbox 730 483 829 544; x_wconf 83' lang='lat'>1818:</span> <span class='ocrx_word' id='word_1_34' title='bbox 857 483 905 541; x_wconf 92' lang='lat' dir='ltr'><strong>bic</strong></span> <span class='ocrx_word' id='word_1_35' title='bbox 925 501 1029 560; x_wconf 82' lang='lat' dir='ltr'><strong>perre-</strong></span> 
     </span>
     <span class='ocr_line' id='line_1_5' title="bbox 114 577 1168 673; baseline -0.008 -29"><span class='ocrx_word' id='word_1_36' title='bbox 114 594 219 660; x_wconf 78' lang='lat' dir='ltr'><strong>tustus·</strong></span> <span class='ocrx_word' id='word_1_37' title='bbox 242 581 357 655; x_wconf 82' lang='lat' dir='ltr'><strong>codices</strong></span> <span class='ocrx_word' id='word_1_38' title='bbox 387 595 509 655; x_wconf 85' lang='lat' dir='ltr'><strong>nactus,</strong></span> <span class='ocrx_word' id='word_1_39' title='bbox 551 586 583 644; x_wconf 89' lang='lat' dir='ltr'><strong>in</strong></span> <span class='ocrx_word' id='word_1_40' title='bbox 614 585 717 660; x_wconf 90' lang='lat' dir='ltr'><strong>quibus</strong></span> <span class='ocrx_word' id='word_1_41' title='bbox 743 577 811 642; x_wconf 81' lang='lat' dir='ltr'><strong>libri</strong></span> <span class='ocrx_word' id='word_1_42' title='bbox 837 583 967 642; x_wconf 88' lang='lat' dir='ltr'><strong>Philonis</strong></span> <span class='ocrx_word' id='word_1_43' title='bbox 995 584 1030 657; x_wconf 80' lang='lat' dir='ltr'><strong>ii,</strong></span> <span class='ocrx_word' id='word_1_44' title='bbox 1066 621 1096 673; x_wconf 52' lang='lat' dir='ltr'><strong>‚g</strong></span> <span class='ocrx_word' id='word_1_45' title='bbox 1152 625 1168 636; x_wconf 93' lang='lat'>.</span> 
     </span>
     <span class='ocr_line' id='line_1_6' title="bbox 111 686 1028 766; baseline 0 -22"><span class='ocrx_word' id='word_1_46' title='bbox 111 705 187 764; x_wconf 81' lang='lat' dir='ltr'><strong>quor</strong></span> <span class='ocrx_word' id='word_1_47' title='bbox 208 704 294 765; x_wconf 84' lang='lat' dir='ltr'><strong>supra</strong></span> <span class='ocrx_word' id='word_1_48' title='bbox 324 687 627 762; x_wconf 74' lang='lat' dir='ltr'><strong>commemoravimus,</strong></span> <span class='ocrx_word' id='word_1_49' title='bbox 657 687 690 746; x_wconf 89' lang='lat' dir='ltr'><strong>in</strong></span> <span class='ocrx_word' id='word_1_50' title='bbox 710 686 877 761; x_wconf 69' lang='lat' dir='ltr'><strong>Armeniam</strong></span> <span class='ocrx_word' id='word_1_51' title='bbox 898 686 1028 766; x_wconf 88' lang='lat' dir='ltr'><strong>linguam</strong></span> 
     </span>
     <span class='ocr_line' id='line_1_7' title="bbox 114 785 1028 864; baseline -0.002 -18"><span class='ocrx_word' id='word_1_52' title='bbox 114 789 252 846; x_wconf 80' lang='lat' dir='ltr'><strong>translati</strong></span> <span class='ocrx_word' id='word_1_53' title='bbox 274 787 479 860; x_wconf 86' lang='lat' dir='ltr'><strong>continentur,</strong></span> <span class='ocrx_word' id='word_1_54' title='bbox 515 787 607 858; x_wconf 82' lang='lat' dir='ltr'><strong>latine</strong></span> <span class='ocrx_word' id='word_1_55' title='bbox 635 785 799 845; x_wconf 89' lang='lat' dir='ltr'><strong>reddendos</strong></span> <span class='ocrx_word' id='word_1_56' title='bbox 826 786 913 844; x_wconf 84' lang='lat' dir='ltr'><strong>duxit</strong></span> <span class='ocrx_word' id='word_1_57' title='bbox 939 794 1028 864; x_wconf 86' lang='lat' dir='ltr'><strong>atque</strong></span> 
     </span>
     <span class='ocr_line' id='line_1_8' title="bbox 114 885 1049 974; baseline -0.001 -27"><span class='ocrx_word' id='word_1_58' title='bbox 114 897 184 948; x_wconf 90' lang='lat' dir='ltr'><strong>ante</strong></span> <span class='ocrx_word' id='word_1_59' title='bbox 205 905 313 964; x_wconf 90' lang='lat' dir='ltr'><strong>paucas</strong></span> <span class='ocrx_word' id='word_1_60' title='bbox 344 885 403 946; x_wconf 86' lang='lat' dir='ltr'><strong>hos</strong></span> <span class='ocrx_word' id='word_1_61' title='bbox 426 901 517 944; x_wconf 88' lang='lat' dir='ltr'><strong>annos</strong></span> <span class='ocrx_word' id='word_1_62' title='bbox 540 885 708 970; x_wconf 85' lang='lat' dir='ltr'><strong>publicavit.</strong></span> <span class='ocrx_word' id='word_1_63' title='bbox 724 885 788 974; x_wconf 83' lang='grc'><strong>*)</strong></span> <span class='ocrx_word' id='word_1_64' title='bbox 804 887 861 955; x_wconf 73' lang='lat' dir='ltr'><strong>Qui</strong></span> <span class='ocrx_word' id='word_1_65' title='bbox 882 887 929 946; x_wconf 84' lang='lat' dir='ltr'><strong>vir</strong></span> <span class='ocrx_word' id='word_1_66' title='bbox 950 905 1049 946; x_wconf 88' lang='lat' dir='ltr'><strong>sum--</strong></span> 
     </span>
     <span class='ocr_line' id='line_1_9' title="bbox 112 985 1090 1065; baseline -0.004 -15"><span class='ocrx_word' id='word_1_67' title='bbox 112 1007 178 1050; x_wconf 82' lang='lat' dir='ltr'><strong>mus</strong></span> <span class='ocrx_word' id='word_1_68' title='bbox 205 990 362 1046; x_wconf 87' lang='lat' dir='ltr'><strong>maximam</strong></span> <span class='ocrx_word' id='word_1_69' title='bbox 390 1007 423 1058; x_wconf 87' lang='lat' dir='ltr'><strong>se</strong></span> <span class='ocrx_word' id='word_1_70' title='bbox 439 987 594 1062; x_wconf 82' lang='lat' dir='ltr'><strong>professus</strong></span> <span class='ocrx_word' id='word_1_71' title='bbox 615 985 790 1044; x_wconf 86' lang='lat' dir='ltr'><strong>esthabere</strong></span> <span class='ocrx_word' id='word_1_72' title='bbox 812 987 1028 1065; x_wconf 73' lang='lat' dir='ltr'><strong>gratiamrile·</strong></span> <span class='ocrx_word' id='word_1_73' title='bbox 1088 1061 1090 1064; x_wconf 22' lang='grc' dir='ltr'>Ι</span> 
     </span>
     <span class='ocr_line' id='line_1_10' title="bbox 114 1086 1028 1167; baseline 0.002 -19"><span class='ocrx_word' id='word_1_74' title='bbox 114 1088 240 1148; x_wconf 83' lang='lat' dir='ltr'><strong>xandro</strong></span> <span class='ocrx_word' id='word_1_75' title='bbox 247 1086 399 1164; x_wconf 84' lang='lat' dir='ltr'><strong>Rspbacli,</strong></span> <span class='ocrx_word' id='word_1_76' title='bbox 419 1089 520 1164; x_wconf 87' lang='lat' dir='ltr'><strong>Equiti</strong></span> <span class='ocrx_word' id='word_1_77' title='bbox 542 1087 803 1167; x_wconf 71' lang='lat' dir='ltr'><strong>Splendidissima,</strong></span> <span class='ocrx_word' id='word_1_78' title='bbox 817 1089 868 1162; x_wconf 91' lang='lat' dir='ltr'><strong>qui</strong></span> <span class='ocrx_word' id='word_1_79' title='bbox 890 1106 943 1146; x_wconf 87' lang='lat' dir='ltr'><strong>suo</strong></span> <span class='ocrx_word' id='word_1_80' title='bbox 958 1103 1028 1150; x_wconf 78' lang='lat' dir='ltr'><strong>aere</strong></span> 
     </span>
    </p>

    <p class='ocr_par' dir='ltr' id='par_1_4' title="bbox 10 1188 894 1276">
     <span class='ocr_line' id='line_1_11' title="bbox 10 1188 894 1276; baseline -0.006 -25"><span class='ocrx_word' id='word_1_81' title='bbox 10 1227 17 1238; x_wconf 89' lang='lat'><em>·</em></span> <span class='ocrx_word' id='word_1_82' title='bbox 109 1188 165 1270; x_wconf 68' lang='lat' dir='ltr'><strong>bqr</strong></span> <span class='ocrx_word' id='word_1_83' title='bbox 186 1189 282 1276; x_wconf 35' lang='lat' dir='ltr'><strong>libros·</strong></span> <span class='ocrx_word' id='word_1_84' title='bbox 295 1191 373 1268; x_wconf 77' lang='lat' dir='ltr'><strong>typis</strong></span> <span class='ocrx_word' id='word_1_85' title='bbox 397 1189 524 1249; x_wconf 77' lang='lat' dir='ltr'><strong>describi</strong></span> <span class='ocrx_word' id='word_1_86' title='bbox 544 1189 747 1264; x_wconf 76' lang='lat' dir='ltr'><strong>liberalissime</strong></span> <span class='ocrx_word' id='word_1_87' title='bbox 766 1189 894 1258; x_wconf 81' lang='lat' dir='ltr'><strong>iusserit.</strong></span> 
     </span>
    </p>

    <p class='ocr_par' dir='ltr' id='par_1_5' title="bbox 61 1279 1109 1874">
     <span class='ocr_line' id='line_1_12' title="bbox 193 1279 1085 1366; baseline 0 -18"><span class='ocrx_word' id='word_1_88' title='bbox 193 1284 275 1350; x_wconf 85' lang='lat' dir='ltr'><strong>Haec</strong></span> <span class='ocrx_word' id='word_1_89' title='bbox 297 1287 374 1349; x_wconf 86' lang='lat' dir='ltr'><strong>Itali.</strong></span> <span class='ocrx_word' id='word_1_90' title='bbox 417 1289 480 1350; x_wconf 88' lang='lat' dir='ltr'><strong>Nos</strong></span> <span class='ocrx_word' id='word_1_91' title='bbox 502 1306 687 1366; x_wconf 69' lang='lat' dir='ltr'><strong>uero‘quum</strong></span> <span class='ocrx_word' id='word_1_92' title='bbox 708 1292 807 1362; x_wconf 74' lang='lat' dir='ltr'><strong>omnia</strong></span> <span class='ocrx_word' id='word_1_93' title='bbox 825 1307 899 1366; x_wconf 90' lang='lat' dir='ltr'><strong>quae</strong></span> <span class='ocrx_word' id='word_1_94' title='bbox 913 1279 1026 1366; x_wconf 80' lang='lat' dir='ltr'><strong>reliqua</strong></span> <span class='ocrx_word' id='word_1_95' title='bbox 1082 1296 1085 1308; x_wconf 93' lang='lat'>&#39;</span> 
     </span>
     <span class='ocr_line' id='line_1_13' title="bbox 111 1377 1109 1470; baseline -0.006 -18"><span class='ocrx_word' id='word_1_96' title='bbox 111 1400 211 1470; x_wconf 70' lang='lat' dir='ltr'><strong>essent</strong></span> <span class='ocrx_word' id='word_1_97' title='bbox 239 1377 380 1450; x_wconf 79' lang='lat' dir='ltr'><strong>Philonis¹</strong></span> <span class='ocrx_word' id='word_1_98' title='bbox 395 1389 498 1448; x_wconf 90' lang='lat' dir='ltr'><strong>ludaei</strong></span> <span class='ocrx_word' id='word_1_99' title='bbox 529 1409 617 1468; x_wconf 91' lang='lat' dir='ltr'><strong>opera</strong></span> <span class='ocrx_word' id='word_1_100' title='bbox 648 1393 735 1452; x_wconf 90' lang='lat' dir='ltr'><strong>edere</strong></span> <span class='ocrx_word' id='word_1_101' title='bbox 763 1391 1026 1462; x_wconf 86' lang='lat' dir='ltr'><strong>constituissemus,</strong></span> <span class='ocrx_word' id='word_1_102' title='bbox 1100 1439 1109 1461; x_wconf 80' lang='grc'><em>,</em></span> 
     </span>
     <span class='ocr_line' id='line_1_14' title="bbox 110 1491 1026 1572; baseline -0.007 -20"><span class='ocrx_word' id='word_1_103' title='bbox 110 1491 165 1552; x_wconf 88' lang='lat' dir='ltr'><strong>hos</strong></span> <span class='ocrx_word' id='word_1_104' title='bbox 179 1505 302 1570; x_wconf 85' lang='lat' dir='ltr'><strong>qnoque</strong></span> <span class='ocrx_word' id='word_1_105' title='bbox 323 1491 412 1550; x_wconf 89' lang='lat' dir='ltr'><strong>libros</strong></span> <span class='ocrx_word' id='word_1_106' title='bbox 434 1494 574 1572; x_wconf 81' lang='lat' dir='ltr'><strong>colligere</strong></span> <span class='ocrx_word' id='word_1_107' title='bbox 595 1493 748 1570; x_wconf 83' lang='lat' dir='ltr'><strong>oportebat</strong></span> <span class='ocrx_word' id='word_1_108' title='bbox 763 1495 794 1570; x_wconf 85' lang='lat' dir='ltr'><strong>in</strong></span> <span class='ocrx_word' id='word_1_109' title='bbox 810 1493 1026 1565; x_wconf 89' lang='lat' dir='ltr'><strong>editionemque</strong></span> 
     </span>
     <span class='ocr_line' id='line_1_15' title="bbox 110 1591 1026 1668; baseline -0.004 -16"><span class='ocrx_word' id='word_1_110' title='bbox 110 1603 242 1654; x_wconf 89' lang='lat' dir='ltr'><strong>nostram</strong></span> <span class='ocrx_word' id='word_1_111' title='bbox 263 1594 403 1668; x_wconf 88' lang='lat' dir='ltr'><strong>recipere.</strong></span> <span class='ocrx_word' id='word_1_112' title='bbox 445 1593 529 1661; x_wconf 74' lang='lat' dir='ltr'><strong>Quod</strong></span> <span class='ocrx_word' id='word_1_113' title='bbox 550 1595 593 1652; x_wconf 89' lang='lat' dir='ltr'><strong>ita</strong></span> <span class='ocrx_word' id='word_1_114' title='bbox 614 1593 781 1652; x_wconf 85' lang='lat' dir='ltr'><strong>faciundum</strong></span> <span class='ocrx_word' id='word_1_115' title='bbox 797 1591 972 1668; x_wconf 84' lang='lat' dir='ltr'><strong>putavimus,</strong></span> <span class='ocrx_word' id='word_1_116' title='bbox 992 1599 1026 1648; x_wconf 91' lang='lat' dir='ltr'><strong>ut</strong></span> 
     </span>
     <span class='ocr_line' id='line_1_16' title="bbox 110 1691 1026 1772; baseline -0.008 -18"><span class='ocrx_word' id='word_1_117' title='bbox 110 1713 199 1772; x_wconf 86' lang='lat' dir='ltr'><strong>quum</strong></span> <span class='ocrx_word' id='word_1_118' title='bbox 221 1693 388 1754; x_wconf 81' lang='lat' dir='ltr'><strong>videremus</strong></span> <span class='ocrx_word' id='word_1_119' title='bbox 409 1692 575 1752; x_wconf 80' lang='lat' dir='ltr'><strong>Aucberum</strong></span> <span class='ocrx_word' id='word_1_120' title='bbox 590 1693 680 1753; x_wconf 88' lang='lat' dir='ltr'><strong>verba</strong></span> <span class='ocrx_word' id='word_1_121' title='bbox 690 1693 829 1752; x_wconf 82' lang='lat' dir='ltr'><strong>Armenia</strong></span> <span class='ocrx_word' id='word_1_122' title='bbox 845 1694 937 1752; x_wconf 88' lang='lat' dir='ltr'><strong>latine</strong></span> <span class='ocrx_word' id='word_1_123' title='bbox 949 1691 1026 1748; x_wconf 90' lang='lat' dir='ltr'><strong>bene</strong></span> 
     </span>
     <span class='ocr_line' id='line_1_17' title="bbox 61 1793 1047 1874; baseline -0.004 -20"><span class='ocrx_word' id='word_1_124' title='bbox 61 1801 63 1804; x_wconf 82' lang='grc'><strong>’</strong></span> <span class='ocrx_word' id='word_1_125' title='bbox 109 1796 304 1874; x_wconf 82' lang='lat' dir='ltr'><strong>acculateque</strong></span> <span class='ocrx_word' id='word_1_126' title='bbox 318 1795 434 1872; x_wconf 90' lang='lat' dir='ltr'><strong>quidem</strong></span> <span class='ocrx_word' id='word_1_127' title='bbox 449 1796 638 1870; x_wconf 80' lang='lat' dir='ltr'><strong>expressisse,</strong></span> <span class='ocrx_word' id='word_1_128' title='bbox 657 1795 710 1852; x_wconf 89' lang='lat' dir='ltr'><strong>sed</strong></span> <span class='ocrx_word' id='word_1_129' title='bbox 727 1793 874 1874; x_wconf 82' lang='lat' dir='ltr'><strong>interdum</strong></span> <span class='ocrx_word' id='word_1_130' title='bbox 894 1795 926 1852; x_wconf 88' lang='lat' dir='ltr'><strong>in</strong></span> <span class='ocrx_word' id='word_1_131' title='bbox 942 1810 1025 1868; x_wconf 86' lang='lat' dir='ltr'><strong>aper·</strong></span> <span class='ocrx_word' id='word_1_132' title='bbox 1044 1795 1047 1800; x_wconf 79' lang='grc'>’</span> 
     </span>
    </p>

    <p class='ocr_par' dir='ltr' id='par_1_6' title="bbox 101 1895 1187 2377">
     <span class='ocr_line' id='line_1_18' title="bbox 111 1895 1026 1968; baseline -0.002 -15"><span class='ocrx_word' id='word_1_133' title='bbox 111 1903 144 1954; x_wconf 91' lang='lat' dir='ltr'><strong>ta</strong></span> <span class='ocrx_word' id='word_1_134' title='bbox 161 1895 244 1967; x_wconf 74' lang='lat' dir='ltr'><strong>titia,</strong></span> <span class='ocrx_word' id='word_1_135' title='bbox 265 1911 353 1968; x_wconf 91' lang='lat' dir='ltr'><strong>quae</strong></span> <span class='ocrx_word' id='word_1_136' title='bbox 352 1895 491 1958; x_wconf 83' lang='lat' dir='ltr'><strong>facerent</strong></span> <span class='ocrx_word' id='word_1_137' title='bbox 513 1906 614 1955; x_wconf 88' lang='lat' dir='ltr'><strong>contra</strong></span> <span class='ocrx_word' id='word_1_138' title='bbox 634 1897 754 1954; x_wconf 89' lang='lat' dir='ltr'><strong>latinam</strong></span> <span class='ocrx_word' id='word_1_139' title='bbox 776 1895 1026 1968; x_wconf 84' lang='lat' dir='ltr'><strong>consuetudinem,</strong></span> 
     </span>
     <span class='ocr_line' id='line_1_19' title="bbox 109 1993 1025 2084; baseline -0.004 -28"><span class='ocrx_word' id='word_1_140' title='bbox 109 1997 259 2070; x_wconf 83' lang='lat' dir='ltr'><strong>incidisse,</strong></span> <span class='ocrx_word' id='word_1_141' title='bbox 279 1993 389 2054; x_wconf 89' lang='lat' dir='ltr'><strong>buius&#39;</strong></span> <span class='ocrx_word' id='word_1_142' title='bbox 379 1999 661 2084; x_wconf 79' lang='lat' dir='ltr'><strong>interpretationem,</strong></span> <span class='ocrx_word' id='word_1_143' title='bbox 677 1997 792 2072; x_wconf 91' lang='lat' dir='ltr'><strong>quoad</strong></span> <span class='ocrx_word' id='word_1_144' title='bbox 792 1999 855 2056; x_wconf 89' lang='lat' dir='ltr'><strong>eius</strong></span> <span class='ocrx_word' id='word_1_145' title='bbox 874 1995 940 2084; x_wconf 82' lang='lat' dir='ltr'><strong>fieri</strong></span> <span class='ocrx_word' id='word_1_146' title='bbox 959 2011 1025 2070; x_wconf 90' lang='lat' dir='ltr'><strong>pos·</strong></span> 
     </span>
     <span class='ocr_line' id='line_1_20' title="bbox 111 2079 1113 2181; baseline -0.002 -25"><span class='ocrx_word' id='word_1_147' title='bbox 111 2092 181 2170; x_wconf 84' lang='lat' dir='ltr'><strong>set,</strong></span> <span class='ocrx_word' id='word_1_148' title='bbox 204 2095 240 2156; x_wconf 89' lang='lat' dir='ltr'><strong>ab</strong></span> <span class='ocrx_word' id='word_1_149' title='bbox 268 2095 334 2152; x_wconf 88' lang='lat' dir='ltr'><strong>istis</strong></span> <span class='ocrx_word' id='word_1_150' title='bbox 363 2097 477 2154; x_wconf 87' lang='lat' dir='ltr'><strong>mendis</strong></span> <span class='ocrx_word' id='word_1_151' title='bbox 506 2098 665 2158; x_wconf 89' lang='lat' dir='ltr'><strong>liberatam</strong></span> <span class='ocrx_word' id='word_1_152' title='bbox 679 2107 888 2181; x_wconf 68' lang='lat' dir='ltr'><strong>purgatamque</strong></span> <span class='ocrx_word' id='word_1_153' title='bbox 909 2079 1025 2172; x_wconf 86' lang='lat' dir='ltr'><strong>repete·</strong></span> <span class='ocrx_word' id='word_1_154' title='bbox 1110 2135 1113 2138; x_wconf 96' lang='lat'>-</span> 
     </span>
     <span class='ocr_line' id='line_1_21' title="bbox 101 2197 1187 2274; baseline -0.006 -16"><span class='ocrx_word' id='word_1_155' title='bbox 101 2215 208 2274; x_wconf 81' lang='lat' dir='ltr'><strong>¹remus</strong></span> <span class='ocrx_word' id='word_1_156' title='bbox 239 2211 346 2270; x_wconf 87' lang='lat' dir='ltr'><strong>easque</strong></span> <span class='ocrx_word' id='word_1_157' title='bbox 377 2199 583 2256; x_wconf 85' lang='lat' dir='ltr'><strong>annotationes</strong></span> <span class='ocrx_word' id='word_1_158' title='bbox 613 2200 670 2258; x_wconf 78' lang='lat' dir='ltr'><strong>viri</strong></span> <span class='ocrx_word' id='word_1_159' title='bbox 696 2197 958 2274; x_wconf 88' lang='lat' dir='ltr'><strong>praestantissimi,</strong></span> <span class='ocrx_word' id='word_1_160' title='bbox 993 2197 1025 2253; x_wconf 89' lang='lat' dir='ltr'><strong>in</strong></span> <span class='ocrx_word' id='word_1_161' title='bbox 1129 2233 1130 2236; x_wconf 56' lang='lat'><em>=</em></span> <span class='ocrx_word' id='word_1_162' title='bbox 1160 2197 1187 2244; x_wconf 78' lang='lat'><strong>‘1</strong></span> 
     </span>
     <span class='ocr_line' id='line_1_22' title="bbox 112 2295 1063 2377; baseline -0.002 -21"><span class='ocrx_word' id='word_1_163' title='bbox 112 2297 216 2373; x_wconf 88' lang='lat' dir='ltr'><strong>quibus</strong></span> <span class='ocrx_word' id='word_1_164' title='bbox 240 2295 481 2374; x_wconf 84' lang='lat' dir='ltr'><strong>quemadmodum</strong></span> <span class='ocrx_word' id='word_1_165' title='bbox 503 2298 593 2358; x_wconf 85' lang='lat' dir='ltr'><strong>rerba</strong></span> <span class='ocrx_word' id='word_1_166' title='bbox 612 2297 748 2377; x_wconf 79' lang='lat' dir='ltr'><strong>Armenia</strong></span> <span class='ocrx_word' id='word_1_167' title='bbox 767 2307 818 2357; x_wconf 88' lang='lat' dir='ltr'><strong>aut</strong></span> <span class='ocrx_word' id='word_1_168' title='bbox 841 2299 927 2356; x_wconf 92' lang='lat' dir='ltr'><strong>aliter</strong></span> <span class='ocrx_word' id='word_1_169' title='bbox 947 2296 1025 2354; x_wconf 89' lang='lat' dir='ltr'><strong>aoei-</strong></span> <span class='ocrx_word' id='word_1_170' title='bbox 1060 2323 1063 2330; x_wconf 91' lang='lat'>·</span> 
     </span>
    </p>
   </div>
   <div class='ocr_carea' id='block_1_3' title="bbox 62 2493 1068 3350">
    <p class='ocr_par' dir='ltr' id='par_1_7' title="bbox 110 2493 1068 2697">
     <span class='ocr_line' id='line_1_23' title="bbox 129 2493 1024 2568; baseline -0.002 -23"><span class='ocrx_word' id='word_1_171' title='bbox 129 2493 131 2496; x_wconf 80' lang='grc'><strong>’</strong></span> <span class='ocrx_word' id='word_1_172' title='bbox 176 2493 200 2558; x_wconf 70' lang='lat' dir='ltr'><strong>i)</strong></span> <span class='ocrx_word' id='word_1_173' title='bbox 220 2498 330 2546; x_wconf 82' lang='lat' dir='ltr'><strong>Praeter</strong></span> <span class='ocrx_word' id='word_1_174' title='bbox 354 2495 382 2545; x_wconf 90' lang='lat' dir='ltr'><strong>id</strong></span> <span class='ocrx_word' id='word_1_175' title='bbox 405 2497 530 2546; x_wconf 86' lang='lat' dir='ltr'><strong>volumen</strong></span> <span class='ocrx_word' id='word_1_176' title='bbox 547 2495 617 2558; x_wconf 88' lang='lat' dir='ltr'><strong>quod</strong></span> <span class='ocrx_word' id='word_1_177' title='bbox 634 2510 713 2557; x_wconf 90' lang='lat' dir='ltr'><strong>supra</strong></span> <span class='ocrx_word' id='word_1_178' title='bbox 733 2497 935 2568; x_wconf 83' lang='lat' dir='ltr'><strong>descripsimus,</strong></span> <span class='ocrx_word' id='word_1_179' title='bbox 960 2507 1024 2556; x_wconf 88' lang='lat' dir='ltr'><strong>qua-</strong></span> 
     </span>
     <span class='ocr_line' id='line_1_24' title="bbox 110 2561 1027 2624; baseline -0.004 -8"><span class='ocrx_word' id='word_1_180' title='bbox 110 2569 173 2616; x_wconf 84' lang='lat' dir='ltr'><strong>tuor</strong></span> <span class='ocrx_word' id='word_1_181' title='bbox 197 2565 273 2612; x_wconf 88' lang='lat' dir='ltr'><strong>annis</strong></span> <span class='ocrx_word' id='word_1_182' title='bbox 301 2569 363 2614; x_wconf 88' lang='lat' dir='ltr'><strong>ante</strong></span> <span class='ocrx_word' id='word_1_183' title='bbox 390 2566 511 2614; x_wconf 84' lang='lat' dir='ltr'><strong>Philonis</strong></span> <span class='ocrx_word' id='word_1_184' title='bbox 533 2563 626 2613; x_wconf 89' lang='lat' dir='ltr'><strong>ludaei</strong></span> <span class='ocrx_word' id='word_1_185' title='bbox 654 2580 789 2616; x_wconf 90' lang='lat' dir='ltr'><strong>sermones</strong></span> <span class='ocrx_word' id='word_1_186' title='bbox 816 2572 870 2614; x_wconf 80' lang='lat' dir='ltr'><strong>tres</strong></span> <span class='ocrx_word' id='word_1_187' title='bbox 895 2579 909 2612; x_wconf 93' lang='lat' dir='ltr'><strong>e</strong></span> <span class='ocrx_word' id='word_1_188' title='bbox 931 2561 1027 2624; x_wconf 80' lang='lat' dir='ltr'><strong>lingua</strong></span> 
     </span>
     <span class='ocr_line' id='line_1_25' title="bbox 110 2631 1068 2716; baseline -0.002 -34"><span class='ocrx_word' id='word_1_189' title='bbox 110 2633 234 2686; x_wconf 75' lang='lat' dir='ltr'><strong>Armenia</strong></span> <span class='ocrx_word' id='word_1_190' title='bbox 251 2631 335 2681; x_wconf 86' lang='lat' dir='ltr'><strong>latine</strong></span> <span class='ocrx_word' id='word_1_191' title='bbox 357 2647 449 2686; x_wconf 79' lang='lat' dir='ltr'><strong>versos</strong></span> <span class='ocrx_word' id='word_1_192' title='bbox 470 2635 597 2716; x_wconf 85' lang='lat' dir='ltr'><strong>ediderat,</strong></span> <span class='ocrx_word' id='word_1_193' title='bbox 617 2633 660 2693; x_wconf 86' lang='lat' dir='ltr'><strong>qui</strong></span> <span class='ocrx_word' id='word_1_194' title='bbox 678 2633 747 2684; x_wconf 88' lang='lat' dir='ltr'><strong>liber</strong></span> <span class='ocrx_word' id='word_1_195' title='bbox 764 2635 909 2694; x_wconf 84' lang='lat' dir='ltr'><strong>inscriptus</strong></span> <span class='ocrx_word' id='word_1_196' title='bbox 929 2637 988 2680; x_wconf 85' lang='lat' dir='ltr'><strong>est:</strong></span> <span class='ocrx_word' id='word_1_197' title='bbox 1021 2637 1027 2646; x_wconf 86' lang='grc'><strong>“</strong></span> <span class='ocrx_word' id='word_1_198' title='bbox 1060 2647 1068 2664; x_wconf 84' lang='grc'>·</span> 
     </span>
    </p>

    <p class='ocr_par' dir='ltr' id='par_1_8' title="bbox 194 2696 1023 2762">
     <span class='ocr_line' id='line_1_26' title="bbox 194 2696 1023 2762; baseline -0.005 -12"><span class='ocrx_word' id='word_1_199' title='bbox 194 2701 315 2750; x_wconf 89' lang='lat' dir='ltr'><strong>Philonis</strong></span> <span class='ocrx_word' id='word_1_200' title='bbox 335 2703 425 2752; x_wconf 87' lang='lat' dir='ltr'><strong>Iudaei</strong></span> <span class='ocrx_word' id='word_1_201' title='bbox 447 2696 587 2752; x_wconf 71' lang='lat' dir='ltr'><strong>Semnones</strong></span> <span class='ocrx_word' id='word_1_202' title='bbox 607 2707 661 2750; x_wconf 89' lang='lat' dir='ltr'><strong>tres</strong></span> <span class='ocrx_word' id='word_1_203' title='bbox 679 2703 727 2750; x_wconf 85' lang='lat' dir='ltr'><strong>bac</strong></span> <span class='ocrx_word' id='word_1_204' title='bbox 744 2709 821 2752; x_wconf 85' lang='lat' dir='ltr'><strong>tenus</strong></span> <span class='ocrx_word' id='word_1_205' title='bbox 839 2699 943 2762; x_wconf 82' lang='lat' dir='ltr'><strong>inediti,</strong></span> <span class='ocrx_word' id='word_1_206' title='bbox 965 2701 977 2750; x_wconf 89' lang='lat'>1</span> <span class='ocrx_word' id='word_1_207' title='bbox 996 2704 1023 2746; x_wconf 93' lang='lat' dir='ltr'><strong>et</strong></span> 
     </span>
    </p>

    <p class='ocr_par' dir='ltr' id='par_1_9' title="bbox 143 2763 1023 2834">
     <span class='ocr_line' id='line_1_27' title="bbox 143 2763 1023 2834; baseline -0.002 -19"><span class='ocrx_word' id='word_1_208' title='bbox 143 2763 178 2816; x_wconf 86' lang='lat' dir='ltr'><strong>n.</strong></span> <span class='ocrx_word' id='word_1_209' title='bbox 200 2769 417 2818; x_wconf 82' lang='lat' dir='ltr'><strong>deProvidentia</strong></span> <span class='ocrx_word' id='word_1_210' title='bbox 435 2776 462 2819; x_wconf 87' lang='lat' dir='ltr'><strong>et</strong></span> <span class='ocrx_word' id='word_1_211' title='bbox 480 2773 527 2819; x_wconf 89' lang='lat'>111.</span> <span class='ocrx_word' id='word_1_212' title='bbox 547 2771 578 2822; x_wconf 91' lang='lat' dir='ltr'><strong>de</strong></span> <span class='ocrx_word' id='word_1_213' title='bbox 596 2771 769 2834; x_wconf 84' lang='lat' dir='ltr'><strong>Animalibus,</strong></span> <span class='ocrx_word' id='word_1_214' title='bbox 786 2783 820 2818; x_wconf 80' lang='lat' dir='ltr'><strong>ex</strong></span> <span class='ocrx_word' id='word_1_215' title='bbox 834 2771 1023 2817; x_wconf 80' lang='lat' dir='ltr'><strong>Amnenaver·</strong></span> 
     </span>
    </p>

    <p class='ocr_par' dir='ltr' id='par_1_10' title="bbox 143 2833 1023 2918">
     <span class='ocr_line' id='line_1_28' title="bbox 143 2833 1023 2918; baseline 0 -34"><span class='ocrx_word' id='word_1_216' title='bbox 143 2837 220 2884; x_wconf 89' lang='lat' dir='ltr'><strong>sione</strong></span> <span class='ocrx_word' id='word_1_217' title='bbox 236 2838 422 2898; x_wconf 87' lang='lat' dir='ltr'><strong>antiquissima</strong></span> <span class='ocrx_word' id='word_1_218' title='bbox 439 2841 497 2886; x_wconf 88' lang='lat' dir='ltr'><strong>ab&#39;</strong></span> <span class='ocrx_word' id='word_1_219' title='bbox 489 2853 548 2900; x_wconf 89' lang='lat' dir='ltr'><strong>spso</strong></span> <span class='ocrx_word' id='word_1_220' title='bbox 567 2838 693 2918; x_wconf 78' lang='lat' dir='ltr'><strong>originali</strong></span> <span class='ocrx_word' id='word_1_221' title='bbox 710 2843 788 2888; x_wconf 86' lang='lat' dir='ltr'><strong>textu</strong></span> <span class='ocrx_word' id='word_1_222' title='bbox 809 2837 903 2898; x_wconf 69' lang='lat' dir='ltr'><strong>graeco</strong></span> <span class='ocrx_word' id='word_1_223' title='bbox 917 2833 949 2882; x_wconf 84' lang='lat' dir='ltr'><strong>ad</strong></span> <span class='ocrx_word' id='word_1_224' title='bbox 962 2849 1023 2883; x_wconf 80' lang='lat' dir='ltr'><strong>uer·</strong></span> 
     </span>
    </p>

    <p class='ocr_par' dir='ltr' id='par_1_11' title="bbox 62 2903 1048 3240">
     <span class='ocr_line' id='line_1_29' title="bbox 62 2903 1025 2969; baseline -0.002 -17"><span class='ocrx_word' id='word_1_225' title='bbox 62 2955 64 2960; x_wconf 62' lang='grc'>,</span> <span class='ocrx_word' id='word_1_226' title='bbox 142 2903 204 2952; x_wconf 91' lang='lat' dir='ltr'><strong>bum</strong></span> <span class='ocrx_word' id='word_1_227' title='bbox 230 2905 323 2954; x_wconf 89' lang='lat' dir='ltr'><strong>stricte</strong></span> <span class='ocrx_word' id='word_1_228' title='bbox 341 2912 492 2969; x_wconf 83' lang='lat' dir='ltr'><strong>exequuta,</strong></span> <span class='ocrx_word' id='word_1_229' title='bbox 521 2921 590 2954; x_wconf 88' lang='lat' dir='ltr'><strong>nune</strong></span> <span class='ocrx_word' id='word_1_230' title='bbox 609 2907 721 2966; x_wconf 90' lang='lat' dir='ltr'><strong>primum</strong></span> <span class='ocrx_word' id='word_1_231' title='bbox 740 2909 768 2956; x_wconf 90' lang='lat' dir='ltr'><strong>in</strong></span> <span class='ocrx_word' id='word_1_232' title='bbox 787 2905 892 2954; x_wconf 85' lang='lat' dir='ltr'><strong>Latium</strong></span> <span class='ocrx_word' id='word_1_233' title='bbox 910 2903 1025 2950; x_wconf 86' lang='lat' dir='ltr'><strong>fideliter</strong></span> 
     </span>
     <span class='ocr_line' id='line_1_30' title="bbox 143 2971 1027 3036; baseline -0.005 -15"><span class='ocrx_word' id='word_1_234' title='bbox 143 2973 268 3021; x_wconf 83' lang='lat' dir='ltr'><strong>translati</strong></span> <span class='ocrx_word' id='word_1_235' title='bbox 292 2989 340 3036; x_wconf 86' lang='lat' dir='ltr'><strong>per</strong></span> <span class='ocrx_word' id='word_1_236' title='bbox 361 2977 390 3023; x_wconf 82' lang='lat' dir='ltr'><strong>P.</strong></span> <span class='ocrx_word' id='word_1_237' title='bbox 414 2977 452 3022; x_wconf 90' lang='lat' dir='ltr'><strong>lo.</strong></span> <span class='ocrx_word' id='word_1_238' title='bbox 473 2975 618 3035; x_wconf 85' lang='lat' dir='ltr'><strong>Baptistam</strong></span> <span class='ocrx_word' id='word_1_239' title='bbox 636 2975 738 3030; x_wconf 81' lang='lat' dir='ltr'><strong>Aueber</strong></span> <span class='ocrx_word' id='word_1_240' title='bbox 755 2979 937 3035; x_wconf 83' lang='lat' dir='ltr'><strong>Ancyranum,</strong></span> <span class='ocrx_word' id='word_1_241' title='bbox 963 2971 1027 3026; x_wconf 64' lang='grc' dir='ltr'><strong>Μῳ·</strong></span> 
     </span>
     <span class='ocr_line' id='line_1_31' title="bbox 142 3039 1022 3092; baseline -0.005 -3"><span class='ocrx_word' id='word_1_242' title='bbox 142 3041 254 3089; x_wconf 88' lang='lat' dir='ltr'><strong>aacbum</strong></span> <span class='ocrx_word' id='word_1_243' title='bbox 278 3045 418 3092; x_wconf 71' lang='lat' dir='ltr'><strong>armenum</strong></span> <span class='ocrx_word' id='word_1_244' title='bbox 443 3048 471 3091; x_wconf 91' lang='lat' dir='ltr'><strong>et</strong></span> <span class='ocrx_word' id='word_1_245' title='bbox 494 3045 638 3091; x_wconf 88' lang='lat' dir='ltr'><strong>Doctorem</strong></span> <span class='ocrx_word' id='word_1_246' title='bbox 661 3044 890 3092; x_wconf 86' lang='lat' dir='ltr'><strong>Mecbitarensem.</strong></span> <span class='ocrx_word' id='word_1_247' title='bbox 933 3039 1022 3086; x_wconf 88' lang='lat' dir='ltr'><strong>Vene</strong></span> 
     </span>
     <span class='ocr_line' id='line_1_32' title="bbox 141 3105 1046 3180; baseline -0.006 -22"><span class='ocrx_word' id='word_1_248' title='bbox 141 3109 198 3171; x_wconf 85' lang='lat' dir='ltr'><strong>tiis,</strong></span> <span class='ocrx_word' id='word_1_249' title='bbox 220 3109 292 3170; x_wconf 82' lang='lat' dir='ltr'><strong>typis</strong></span> <span class='ocrx_word' id='word_1_250' title='bbox 311 3111 439 3174; x_wconf 81' lang='lat' dir='ltr'><strong>coenobii</strong></span> <span class='ocrx_word' id='word_1_251' title='bbox 456 3113 505 3160; x_wconf 91' lang='lat' dir='ltr'><strong>PP.</strong></span> <span class='ocrx_word' id='word_1_252' title='bbox 522 3111 724 3160; x_wconf 86' lang='lat' dir='ltr'><strong>Armenorum</strong></span> <span class='ocrx_word' id='word_1_253' title='bbox 713 3128 745 3180; x_wconf 90' lang='grc' dir='ltr'><strong>ιιι</strong></span> <span class='ocrx_word' id='word_1_254' title='bbox 765 3111 854 3160; x_wconf 83' lang='lat' dir='ltr'><strong>maula</strong></span> <span class='ocrx_word' id='word_1_255' title='bbox 872 3111 899 3158; x_wconf 88' lang='lat' dir='ltr'>S</span> <span class='ocrx_word' id='word_1_256' title='bbox 917 3105 1046 3160; x_wconf 78' lang='lat' dir='ltr'><strong>Lazari.</strong></span> 
     </span>
     <span class='ocr_line' id='line_1_33' title="bbox 140 3173 1048 3240; baseline 0.002 -16"><span class='ocrx_word' id='word_1_257' title='bbox 140 3177 346 3226; x_wconf 76' lang='lat' dir='ltr'>MDCCCXXH.</span> <span class='ocrx_word' id='word_1_258' title='bbox 384 3178 556 3240; x_wconf 80' lang='lat' dir='ltr'><strong>superiorum</strong></span> <span class='ocrx_word' id='word_1_259' title='bbox 572 3180 711 3240; x_wconf 78' lang='lat' dir='ltr'><strong>permissu.</strong></span> <span class='ocrx_word' id='word_1_260' title='bbox 747 3181 795 3229; x_wconf 87' lang='lat' dir='ltr'><strong>iol.</strong></span> <span class='ocrx_word' id='word_1_261' title='bbox 814 3173 878 3227; x_wconf 83' lang='lat' dir='ltr'><strong>min.</strong></span> <span class='ocrx_word' id='word_1_262' title='bbox 896 3201 928 3213; x_wconf 91' lang='lat'>-</span> <span class='ocrx_word' id='word_1_263' title='bbox 1034 3211 1048 3216; x_wconf 69' lang='lat'><em>„</em></span> 
     </span>
    </p>

    <p class='ocr_par' dir='ltr' id='par_1_12' title="bbox 192 3241 1023 3350">
     <span class='ocr_line' id='line_1_34' title="bbox 192 3241 1023 3350; baseline -0.006 -54"><span class='ocrx_word' id='word_1_264' title='bbox 192 3245 278 3302; x_wconf 72' lang='lat' dir='ltr'><strong>Quem</strong></span> <span class='ocrx_word' id='word_1_265' title='bbox 295 3247 392 3342; x_wconf 81' lang='lat' dir='ltr'><strong>librum</strong></span> <span class='ocrx_word' id='word_1_266' title='bbox 407 3249 519 3350; x_wconf 84' lang='lat' dir='ltr'><strong>septimo</strong></span> <span class='ocrx_word' id='word_1_267' title='bbox 536 3249 666 3299; x_wconf 81' lang='lat' dir='ltr'><strong>volumini</strong></span> <span class='ocrx_word' id='word_1_268' title='bbox 679 3248 854 3300; x_wconf 84' lang='lat' dir='ltr'><strong>adiiciendum</strong></span> <span class='ocrx_word' id='word_1_269' title='bbox 866 3241 1023 3296; x_wconf 78' lang='lat' dir='ltr'><strong>curabimus.</strong></span> 
     </span>
    </p>
   </div>
   <div class='ocr_carea' id='block_1_4' title="bbox 0 0 1202 3690">
    <p class='ocr_par' dir='ltr' id='par_1_13' title="bbox 0 0 1202 3690">
     <span class='ocr_line' id='line_1_35' title="bbox 0 0 1202 3690; baseline 0 1"><span class='ocrx_word' id='word_1_270' title='bbox 0 0 1202 3690; x_wconf 95' lang='lat' dir='ltr'><strong> </strong></span> 
     </span>
    </p>
   </div>
  </div>
 </body>
</html>
