<?xml version="1.0" encoding="UTF-8"?>
<!DOCTYPE html PUBLIC "-//W3C//DTD XHTML 1.0 Transitional//EN"
    "http://www.w3.org/TR/xhtml1/DTD/xhtml1-transitional.dtd">
<html xmlns="http://www.w3.org/1999/xhtml" xml:lang="en" lang="en">
 <head>
  <title>
</title>
<meta http-equiv="Content-Type" content="text/html;charset=utf-8" />
  <meta name='ocr-system' content='tesseract 3.04.00' />
  <meta name='ocr-capabilities' content='ocr_page ocr_carea ocr_par ocr_line ocrx_word'/>
</head>
<body>
  <div class='ocr_page' id='page_1' title='image "./philojudaeusope03unkngoog_0593.png"; bbox 0 0 2394 3690; ppageno 0'>
   <div class='ocr_carea' id='block_1_1' title="bbox 97 111 1098 244">
    <p class='ocr_par' dir='ltr' id='par_1_1' title="bbox 97 111 1098 244">
     <span class='ocr_line' id='line_1_1' title="bbox 97 111 1098 244; baseline 0.024 -60"><span class='ocrx_word' id='word_1_1' title='bbox 97 170 110 184; x_wconf 94' lang='lat'>.</span> <span class='ocrx_word' id='word_1_2' title='bbox 190 149 259 220; x_wconf 74' lang='lat'><strong>256</strong></span> <span class='ocrx_word' id='word_1_3' title='bbox 279 111 379 214; x_wconf 79' lang='lat' dir='ltr'><strong>anto.</strong></span> <span class='ocrx_word' id='word_1_4' title='bbox 396 144 652 224; x_wconf 64' lang='lat' dir='ltr'><strong>{nonnoso</strong></span> <span class='ocrx_word' id='word_1_5' title='bbox 671 143 1098 244; x_wconf 58' lang='lat' dir='ltr'><strong>incrustaturam.</strong></span> 
     </span>
    </p>
   </div>
   <div class='ocr_carea' id='block_1_2' title="bbox 87 291 1180 2152">
    <p class='ocr_par' dir='ltr' id='par_1_2' title="bbox 103 291 1180 1304">
     <span class='ocr_line' id='line_1_2' title="bbox 103 291 1123 386; baseline -0.004 -18"><span class='ocrx_word' id='word_1_6' title='bbox 103 309 107 320; x_wconf 73' lang='grc'><em>“</em></span> <span class='ocrx_word' id='word_1_7' title='bbox 192 291 308 368; x_wconf 50' lang='lat' dir='ltr'><strong>¹residui</strong></span> <span class='ocrx_word' id='word_1_8' title='bbox 339 307 423 366; x_wconf 78' lang='lat' dir='ltr'><strong>anilo</strong></span> <span class='ocrx_word' id='word_1_9' title='bbox 453 307 549 366; x_wconf 75' lang='lat' dir='ltr'><strong>fontes</strong></span> <span class='ocrx_word' id='word_1_10' title='bbox 576 308 677 366; x_wconf 87' lang='lat' dir='ltr'><strong>amnis.</strong></span> <span class='ocrx_word' id='word_1_11' title='bbox 726 302 772 364; x_wconf 76' lang='lat' dir='ltr'><strong>Ne</strong></span> <span class='ocrx_word' id='word_1_12' title='bbox 801 305 879 369; x_wconf 82' lang='lat' dir='ltr'><strong>forto</strong></span> <span class='ocrx_word' id='word_1_13' title='bbox 908 307 999 386; x_wconf 75' lang='lat' dir='ltr'><strong>igitur</strong></span> <span class='ocrx_word' id='word_1_14' title='bbox 1028 323 1123 380; x_wconf 73' lang='lat' dir='ltr'><strong>pors-</strong></span> 
     </span>
     <span class='ocr_line' id='line_1_3' title="bbox 200 389 1123 472; baseline -0.002 -22"><span class='ocrx_word' id='word_1_15' title='bbox 200 395 278 452; x_wconf 87' lang='lat' dir='ltr'><strong>disus</strong></span> <span class='ocrx_word' id='word_1_16' title='bbox 314 395 352 453; x_wconf 87' lang='lat' dir='ltr'><strong>sit</strong></span> <span class='ocrx_word' id='word_1_17' title='bbox 382 395 413 452; x_wconf 87' lang='lat' dir='ltr'><strong>in</strong></span> <span class='ocrx_word' id='word_1_18' title='bbox 444 393 603 472; x_wconf 83' lang='lat' dir='ltr'><strong>longinquo</strong></span> <span class='ocrx_word' id='word_1_19' title='bbox 633 411 650 447; x_wconf 88' lang='lat' dir='ltr'><strong>n</strong></span> <span class='ocrx_word' id='word_1_20' title='bbox 677 401 777 449; x_wconf 86' lang='lat' dir='ltr'><strong>nostra</strong></span> <span class='ocrx_word' id='word_1_21' title='bbox 797 389 983 449; x_wconf 78' lang='lat' dir='ltr'><strong>&#39;habitatione</strong></span> <span class='ocrx_word' id='word_1_22' title='bbox 1012 393 1123 450; x_wconf 82' lang='lat' dir='ltr'><strong>artandi</strong></span> 
     </span>
     <span class='ocr_line' id='line_1_4' title="bbox 199 472 1122 552; baseline -0.004 -15"><span class='ocrx_word' id='word_1_23' title='bbox 199 479 275 550; x_wconf 87' lang='lat' dir='ltr'><strong>situ,</strong></span> <span class='ocrx_word' id='word_1_24' title='bbox 310 472 490 550; x_wconf 81' lang='lat' dir='ltr'><strong>dariumque</strong></span> <span class='ocrx_word' id='word_1_25' title='bbox 527 475 633 534; x_wconf 85' lang='lat' dir='ltr'><strong>huheat</strong></span> <span class='ocrx_word' id='word_1_26' title='bbox 660 475 712 532; x_wconf 88' lang='lat' dir='ltr'><strong>sub</strong></span> <span class='ocrx_word' id='word_1_27' title='bbox 744 484 825 532; x_wconf 86' lang='lat' dir='ltr'><strong>terro</strong></span> <span class='ocrx_word' id='word_1_28' title='bbox 851 488 1033 545; x_wconf 83' lang='lat' dir='ltr'><strong>currentem,</strong></span> <span class='ocrx_word' id='word_1_29' title='bbox 1065 479 1122 552; x_wconf 82' lang='lat' dir='ltr'><strong>qui</strong></span> 
     </span>
     <span class='ocr_line' id='line_1_5' title="bbox 198 561 1119 638; baseline 0 -20"><span class='ocrx_word' id='word_1_30' title='bbox 198 561 340 638; x_wconf 82' lang='lat' dir='ltr'><strong>plurimas</strong></span> <span class='ocrx_word' id='word_1_31' title='bbox 357 563 555 634; x_wconf 81' lang='lat' dir='ltr'><strong>maximosque</strong></span> <span class='ocrx_word' id='word_1_32' title='bbox 576 563 680 638; x_wconf 81' lang='lat' dir='ltr'><strong>irriget</strong></span> <span class='ocrx_word' id='word_1_33' title='bbox 700 575 805 638; x_wconf 73' lang='lat' dir='ltr'><strong>venos:</strong></span> <span class='ocrx_word' id='word_1_34' title='bbox 834 561 876 620; x_wconf 83' lang='lat' dir='ltr'><strong>ita</strong></span> <span class='ocrx_word' id='word_1_35' title='bbox 898 571 932 618; x_wconf 89' lang='lat' dir='ltr'><strong>ut</strong></span> <span class='ocrx_word' id='word_1_36' title='bbox 951 563 1020 618; x_wconf 87' lang='lat' dir='ltr'><strong>illue</strong></span> <span class='ocrx_word' id='word_1_37' title='bbox 1040 577 1119 618; x_wconf 85' lang='lat' dir='ltr'><strong>con·</strong></span> 
     </span>
     <span class='ocr_line' id='line_1_6' title="bbox 198 643 1117 724; baseline -0.001 -21"><span class='ocrx_word' id='word_1_38' title='bbox 198 653 351 724; x_wconf 77' lang='lat' dir='ltr'><strong>surgentes</strong></span> <span class='ocrx_word' id='word_1_39' title='bbox 372 647 492 702; x_wconf 88' lang='lat' dir='ltr'><strong>mittunt</strong></span> <span class='ocrx_word' id='word_1_40' title='bbox 513 645 629 710; x_wconf 79' lang='lat' dir='ltr'><strong>sesein</strong></span> <span class='ocrx_word' id='word_1_41' title='bbox 652 644 724 700; x_wconf 86' lang='lat' dir='ltr'><strong>elios</strong></span> <span class='ocrx_word' id='word_1_42' title='bbox 751 661 841 703; x_wconf 87' lang='lat' dir='ltr'><strong>renas</strong></span> <span class='ocrx_word' id='word_1_43' title='bbox 868 646 1046 719; x_wconf 70' lang='lat' dir='ltr'><strong>recipientes</strong></span> <span class='ocrx_word' id='word_1_44' title='bbox 1076 643 1117 702; x_wconf 84' lang='lat' dir='ltr'><strong>ol)</strong></span> 
     </span>
     <span class='ocr_line' id='line_1_7' title="bbox 197 724 1180 806; baseline -0.008 -18"><span class='ocrx_word' id='word_1_45' title='bbox 197 730 380 800; x_wconf 61' lang='lat' dir='ltr'><strong>vastitatem</strong></span> <span class='ocrx_word' id='word_1_46' title='bbox 414 739 444 784; x_wconf 90' lang='lat' dir='ltr'><strong>et</strong></span> <span class='ocrx_word' id='word_1_47' title='bbox 472 731 546 786; x_wconf 80' lang='lat' dir='ltr'><strong>istoc</strong></span> <span class='ocrx_word' id='word_1_48' title='bbox 575 726 738 806; x_wconf 77' lang='lat' dir='ltr'>gurgitibus</span> <span class='ocrx_word' id='word_1_49' title='bbox 772 724 913 786; x_wconf 84' lang='lat' dir='ltr'><strong>fluctuum</strong></span> <span class='ocrx_word' id='word_1_50' title='bbox 941 742 1117 802; x_wconf 74' lang='lat' dir='ltr'><strong>suppressae</strong></span> <span class='ocrx_word' id='word_1_51' title='bbox 1178 771 1180 780; x_wconf 78' lang='grc'>,</span> 
     </span>
     <span class='ocr_line' id='line_1_8' title="bbox 198 813 1116 888; baseline -0.002 -16"><span class='ocrx_word' id='word_1_52' title='bbox 198 815 275 885; x_wconf 90' lang='lat' dir='ltr'><strong>sint;</strong></span> <span class='ocrx_word' id='word_1_53' title='bbox 298 813 375 869; x_wconf 87' lang='lat' dir='ltr'><strong>uodo</strong></span> <span class='ocrx_word' id='word_1_54' title='bbox 395 813 537 871; x_wconf 84' lang='lat' dir='ltr'><strong>violentia</strong></span> <span class='ocrx_word' id='word_1_55' title='bbox 559 813 600 869; x_wconf 84' lang='lat' dir='ltr'><strong>eis</strong></span> <span class='ocrx_word' id='word_1_56' title='bbox 622 813 711 868; x_wconf 89' lang='lat' dir='ltr'><strong>insita</strong></span> <span class='ocrx_word' id='word_1_57' title='bbox 726 822 861 888; x_wconf 81' lang='lat' dir='ltr'><strong>urgente,</strong></span> <span class='ocrx_word' id='word_1_58' title='bbox 874 815 1005 886; x_wconf 82' lang='lat' dir='ltr'><strong>superius</strong></span> <span class='ocrx_word' id='word_1_59' title='bbox 1021 829 1116 888; x_wconf 83' lang='lat' dir='ltr'><strong>quum</strong></span> 
     </span>
     <span class='ocr_line' id='line_1_9' title="bbox 198 889 1115 970; baseline 0 -16"><span class='ocrx_word' id='word_1_60' title='bbox 198 895 267 954; x_wconf 85' lang='lat' dir='ltr'><strong>olibi</strong></span> <span class='ocrx_word' id='word_1_61' title='bbox 298 906 468 970; x_wconf 86' lang='lat' dir='ltr'><strong>erumpant,</strong></span> <span class='ocrx_word' id='word_1_62' title='bbox 505 907 565 954; x_wconf 86' lang='lat' dir='ltr'><strong>turn</strong></span> <span class='ocrx_word' id='word_1_63' title='bbox 595 897 625 952; x_wconf 93' lang='lat' dir='ltr'><strong>in</strong></span> <span class='ocrx_word' id='word_1_64' title='bbox 660 889 807 952; x_wconf 76' lang='lat' dir='ltr'><strong>rnontiltus</strong></span> <span class='ocrx_word' id='word_1_65' title='bbox 835 897 1015 956; x_wconf 74' lang='lat' dir='ltr'><strong>Armeniae..</strong></span> <span class='ocrx_word' id='word_1_66' title='bbox 1057 895 1115 954; x_wconf 81' lang='lat' dir='ltr'><strong>loti</strong></span> 
     </span>
     <span class='ocr_line' id='line_1_10' title="bbox 197 979 1114 1059; baseline 0 -21"><span class='ocrx_word' id='word_1_67' title='bbox 197 991 266 1038; x_wconf 88' lang='lat' dir='ltr'><strong>sunt</strong></span> <span class='ocrx_word' id='word_1_68' title='bbox 288 997 357 1059; x_wconf 87' lang='lat' dir='ltr'><strong>ergo</strong></span> <span class='ocrx_word' id='word_1_69' title='bbox 379 981 476 1038; x_wconf 83' lang='lat' dir='ltr'><strong>fontes</strong></span> <span class='ocrx_word' id='word_1_70' title='bbox 498 981 593 1054; x_wconf 87' lang='lat' dir='ltr'><strong>putati</strong></span> <span class='ocrx_word' id='word_1_71' title='bbox 611 979 763 1038; x_wconf 86' lang='lat' dir='ltr'><strong>fluviorum</strong></span> <span class='ocrx_word' id='word_1_72' title='bbox 794 980 889 1054; x_wconf 89' lang='lat' dir='ltr'><strong>potius</strong></span> <span class='ocrx_word' id='word_1_73' title='bbox 916 979 1030 1054; x_wconf 56' lang='lat' dir='ltr'><strong>doxon</strong></span> <span class='ocrx_word' id='word_1_74' title='bbox 1062 982 1114 1038; x_wconf 83' lang='lat' dir='ltr'><strong>vol</strong></span> 
     </span>
     <span class='ocr_line' id='line_1_11' title="bbox 198 1061 1114 1138; baseline 0 -16"><span class='ocrx_word' id='word_1_75' title='bbox 198 1067 288 1122; x_wconf 84' lang='lat' dir='ltr'><strong>etiarn</strong></span> <span class='ocrx_word' id='word_1_76' title='bbox 309 1065 404 1122; x_wconf 80' lang='lat' dir='ltr'><strong>fontes</strong></span> <span class='ocrx_word' id='word_1_77' title='bbox 426 1083 529 1122; x_wconf 82' lang='lat' dir='ltr'><strong>rercro</strong></span> <span class='ocrx_word' id='word_1_78' title='bbox 551 1066 662 1138; x_wconf 85' lang='lat' dir='ltr'><strong>putati,</strong></span> <span class='ocrx_word' id='word_1_79' title='bbox 691 1083 725 1121; x_wconf 89' lang='lat' dir='ltr'><strong>eo</strong></span> <span class='ocrx_word' id='word_1_80' title='bbox 747 1065 823 1137; x_wconf 87' lang='lat' dir='ltr'><strong>quod</strong></span> <span class='ocrx_word' id='word_1_81' title='bbox 852 1066 969 1122; x_wconf 76' lang='lat' dir='ltr'><strong>o&#39;mnino</strong></span> <span class='ocrx_word' id='word_1_82' title='bbox 1000 1061 1114 1124; x_wconf 82' lang='lat' dir='ltr'><strong>infalli-</strong></span> 
     </span>
     <span class='ocr_line' id='line_1_12' title="bbox 197 1147 1113 1224; baseline 0 -19"><span class='ocrx_word' id='word_1_83' title='bbox 197 1147 264 1206; x_wconf 83' lang='lat' dir='ltr'><strong>bilis</strong></span> <span class='ocrx_word' id='word_1_84' title='bbox 287 1151 325 1206; x_wconf 87' lang='lat' dir='ltr'><strong>sit</strong></span> <span class='ocrx_word' id='word_1_85' title='bbox 350 1150 493 1222; x_wconf 83' lang='lat' dir='ltr'><strong>scriptura</strong></span> <span class='ocrx_word' id='word_1_86' title='bbox 513 1149 614 1206; x_wconf 84' lang='lat' dir='ltr'><strong>divino</strong></span> <span class='ocrx_word' id='word_1_87' title='bbox 635 1149 776 1206; x_wconf 84' lang='lat' dir='ltr'><strong>denotans</strong></span> <span class='ocrx_word' id='word_1_88' title='bbox 808 1164 870 1206; x_wconf 89' lang='lat' dir='ltr'><strong>rem</strong></span> <span class='ocrx_word' id='word_1_89' title='bbox 900 1161 1026 1224; x_wconf 87' lang='lat' dir='ltr'><strong>quatuor</strong></span> <span class='ocrx_word' id='word_1_90' title='bbox 1056 1147 1113 1206; x_wconf 85' lang='lat' dir='ltr'><strong>tlu-</strong></span> 
     </span>
     <span class='ocr_line' id='line_1_13' title="bbox 197 1231 1112 1304; baseline 0 -14"><span class='ocrx_word' id='word_1_91' title='bbox 197 1235 326 1291; x_wconf 80' lang='lat' dir='ltr'><strong>riorum:</strong></span> <span class='ocrx_word' id='word_1_92' title='bbox 348 1235 462 1290; x_wconf 87' lang='lat' dir='ltr'><strong>initium</strong></span> <span class='ocrx_word' id='word_1_93' title='bbox 485 1236 563 1292; x_wconf 87' lang='lat' dir='ltr'><strong>enim</strong></span> <span class='ocrx_word' id='word_1_94' title='bbox 581 1231 686 1290; x_wconf 84' lang='lat' dir='ltr'><strong>fluvius</strong></span> <span class='ocrx_word' id='word_1_95' title='bbox 709 1242 769 1304; x_wconf 86' lang='lat' dir='ltr'><strong>cst,</strong></span> <span class='ocrx_word' id='word_1_96' title='bbox 797 1251 857 1290; x_wconf 89' lang='lat' dir='ltr'><strong>non</strong></span> <span class='ocrx_word' id='word_1_97' title='bbox 878 1233 953 1293; x_wconf 83' lang='lat' dir='ltr'><strong>fons.</strong></span> <span class='ocrx_word' id='word_1_98' title='bbox 999 1233 1112 1292; x_wconf 82' lang='lat' dir='ltr'><strong>Verum</strong></span> 
     </span>
    </p>

    <p class='ocr_par' dir='ltr' id='par_1_3' title="bbox 122 1318 1135 1396">
     <span class='ocr_line' id='line_1_14' title="bbox 122 1318 1135 1396; baseline 0.003 -22"><span class='ocrx_word' id='word_1_99' title='bbox 122 1383 124 1396; x_wconf 32' lang='grc' dir='ltr'>Ι</span> <span class='ocrx_word' id='word_1_100' title='bbox 197 1318 322 1375; x_wconf 80' lang='lat' dir='ltr'><strong>fortusse</strong></span> <span class='ocrx_word' id='word_1_101' title='bbox 364 1319 445 1375; x_wconf 84' lang='lat' dir='ltr'><strong>locus</strong></span> <span class='ocrx_word' id='word_1_102' title='bbox 491 1319 552 1391; x_wconf 83' lang='lat' dir='ltr'><strong>ipse</strong></span> <span class='ocrx_word' id='word_1_103' title='bbox 602 1319 771 1395; x_wconf 77' lang='lat' dir='ltr'><strong>allegoriam</strong></span> <span class='ocrx_word' id='word_1_104' title='bbox 815 1319 927 1392; x_wconf 81' lang='lat' dir='ltr'><strong>prodit:</strong></span> <span class='ocrx_word' id='word_1_105' title='bbox 982 1329 1135 1394; x_wconf 75' lang='lat' dir='ltr'><strong>quatuor,</strong></span> 
     </span>
    </p>

    <p class='ocr_par' dir='ltr' id='par_1_4' title="bbox 112 1397 1152 1484">
     <span class='ocr_line' id='line_1_15' title="bbox 112 1397 1152 1484; baseline 0.003 -26"><span class='ocrx_word' id='word_1_106' title='bbox 112 1397 123 1480; x_wconf 32' lang='lat'><strong>‚¹</strong></span> <span class='ocrx_word' id='word_1_107' title='bbox 198 1402 275 1484; x_wconf 80' lang='lat' dir='ltr'><strong>eninr</strong></span> <span class='ocrx_word' id='word_1_108' title='bbox 305 1399 424 1458; x_wconf 81' lang='lat' dir='ltr'><strong>llunrina</strong></span> <span class='ocrx_word' id='word_1_109' title='bbox 451 1401 535 1480; x_wconf 81' lang='lat' dir='ltr'><strong>signe</strong></span> <span class='ocrx_word' id='word_1_110' title='bbox 561 1411 630 1458; x_wconf 90' lang='lat' dir='ltr'><strong>sunt</strong></span> <span class='ocrx_word' id='word_1_111' title='bbox 656 1411 779 1476; x_wconf 88' lang='lat' dir='ltr'><strong>quatuor</strong></span> <span class='ocrx_word' id='word_1_112' title='bbox 805 1405 964 1475; x_wconf 84' lang='lat' dir='ltr'><strong>virtutum3</strong></span> <span class='ocrx_word' id='word_1_113' title='bbox 992 1420 1061 1478; x_wconf 86' lang='lat' dir='ltr'><strong>pru-</strong></span> <span class='ocrx_word' id='word_1_114' title='bbox 1083 1423 1152 1474; x_wconf 67' lang='grc' dir='ltr'><strong>Μ,</strong></span> 
     </span>
    </p>

    <p class='ocr_par' dir='ltr' id='par_1_5' title="bbox 99 1483 1153 1733">
     <span class='ocr_line' id='line_1_16' title="bbox 99 1483 1153 1561; baseline 0.003 -17"><span class='ocrx_word' id='word_1_115' title='bbox 99 1537 105 1544; x_wconf 91' lang='grc'><em>,</em></span> <span class='ocrx_word' id='word_1_116' title='bbox 198 1483 314 1542; x_wconf 80' lang='lat' dir='ltr'><strong>dentiae</strong></span> <span class='ocrx_word' id='word_1_117' title='bbox 343 1485 480 1552; x_wconf 78' lang='lat' dir='ltr'><strong>videlicet</strong></span> <span class='ocrx_word' id='word_1_118' title='bbox 495 1485 607 1544; x_wconf 77' lang='lat' dir='ltr'><strong>Phison</strong></span> <span class='ocrx_word' id='word_1_119' title='bbox 631 1485 725 1544; x_wconf 83' lang='lat' dir='ltr'><strong>diotae</strong></span> <span class='ocrx_word' id='word_1_120' title='bbox 754 1487 913 1544; x_wconf 82' lang='lat' dir='ltr'><strong>secundum</strong></span> <span class='ocrx_word' id='word_1_121' title='bbox 944 1489 1087 1561; x_wconf 85' lang='lat' dir='ltr'><strong>parsimo-</strong></span> <span class='ocrx_word' id='word_1_122' title='bbox 1112 1498 1153 1559; x_wconf 92' lang='lat'><strong>10</strong></span> 
     </span>
     <span class='ocr_line' id='line_1_17' title="bbox 196 1567 1109 1650; baseline 0.007 -24"><span class='ocrx_word' id='word_1_123' title='bbox 196 1571 291 1626; x_wconf 83' lang='lat' dir='ltr'><strong>niem:</strong></span> <span class='ocrx_word' id='word_1_124' title='bbox 328 1579 358 1625; x_wconf 86' lang='lat' dir='ltr'><strong>et</strong></span> <span class='ocrx_word' id='word_1_125' title='bbox 384 1567 550 1650; x_wconf 80' lang='lat' dir='ltr'><strong>sobrietatis</strong></span> <span class='ocrx_word' id='word_1_126' title='bbox 579 1569 700 1643; x_wconf 84' lang='lat' dir='ltr'><strong>Gehon,</strong></span> <span class='ocrx_word' id='word_1_127' title='bbox 735 1571 839 1646; x_wconf 86' lang='lat' dir='ltr'><strong>quippe</strong></span> <span class='ocrx_word' id='word_1_128' title='bbox 869 1587 943 1644; x_wconf 86' lang='lat' dir='ltr'><strong>quoe</strong></span> <span class='ocrx_word' id='word_1_129' title='bbox 971 1573 1109 1633; x_wconf 78' lang='lat' dir='ltr'><strong>in&#39;cilris</strong></span> 
     </span>
     <span class='ocr_line' id='line_1_18' title="bbox 197 1652 1109 1733; baseline 0.008 -23"><span class='ocrx_word' id='word_1_130' title='bbox 197 1652 327 1710; x_wconf 77' lang='lat' dir='ltr'><strong>elaboret</strong></span> <span class='ocrx_word' id='word_1_131' title='bbox 355 1663 385 1709; x_wconf 91' lang='lat' dir='ltr'><strong>ct</strong></span> <span class='ocrx_word' id='word_1_132' title='bbox 413 1655 542 1728; x_wconf 82' lang='lat' dir='ltr'><strong>potibus,</strong></span> <span class='ocrx_word' id='word_1_133' title='bbox 575 1665 662 1728; x_wconf 84' lang='lat' dir='ltr'><strong>utque</strong></span> <span class='ocrx_word' id='word_1_134' title='bbox 693 1658 820 1728; x_wconf 86' lang='lat' dir='ltr'><strong>ventris,</strong></span> <span class='ocrx_word' id='word_1_135' title='bbox 849 1672 1006 1730; x_wconf 84' lang='lat' dir='ltr'><strong>corumque</strong></span> <span class='ocrx_word' id='word_1_136' title='bbox 1033 1676 1109 1733; x_wconf 79' lang='lat' dir='ltr'><strong>quae</strong></span> 
     </span>
    </p>

    <p class='ocr_par' dir='ltr' id='par_1_6' title="bbox 87 1737 1108 1902">
     <span class='ocr_line' id='line_1_19' title="bbox 87 1737 1108 1817; baseline 0.005 -22"><span class='ocrx_word' id='word_1_137' title='bbox 87 1739 90 1746; x_wconf 75' lang='lat'><em>&#39;</em></span> <span class='ocrx_word' id='word_1_138' title='bbox 191 1745 264 1796; x_wconf 88' lang='lat' dir='ltr'><strong>&#39;sunt</strong></span> <span class='ocrx_word' id='word_1_139' title='bbox 285 1737 336 1813; x_wconf 76' lang='lat' dir='ltr'><strong>sul)</strong></span> <span class='ocrx_word' id='word_1_140' title='bbox 351 1750 470 1810; x_wconf 78' lang='lat' dir='ltr'><strong>rostro,</strong></span> <span class='ocrx_word' id='word_1_141' title='bbox 493 1742 656 1814; x_wconf 81' lang='lat' dir='ltr'><strong>voluptates</strong></span> <span class='ocrx_word' id='word_1_142' title='bbox 676 1749 826 1813; x_wconf 81' lang='lat' dir='ltr'><strong>operetur,</strong></span> <span class='ocrx_word' id='word_1_143' title='bbox 846 1749 882 1804; x_wconf 78' lang='lat' dir='ltr'><strong>art</strong></span> <span class='ocrx_word' id='word_1_144' title='bbox 895 1753 963 1814; x_wconf 84' lang='lat' dir='ltr'><strong>pote</strong></span> <span class='ocrx_word' id='word_1_145' title='bbox 979 1747 1108 1817; x_wconf 78' lang='lat' dir='ltr'><strong>terreno,</strong></span> 
     </span>
     <span class='ocr_line' id='line_1_20' title="bbox 196 1822 1107 1902; baseline 0.009 -24"><span class='ocrx_word' id='word_1_146' title='bbox 196 1823 432 1882; x_wconf 84' lang='lat' dir='ltr'><strong>et&#39;lortitudinis</strong></span> <span class='ocrx_word' id='word_1_147' title='bbox 453 1823 569 1902; x_wconf 57' lang='lat' dir='ltr'><strong>Tigrin</strong></span> <span class='ocrx_word' id='word_1_148' title='bbox 596 1822 669 1880; x_wconf 78' lang='lat' dir='ltr'><strong>hooc</strong></span> <span class='ocrx_word' id='word_1_149' title='bbox 691 1826 768 1882; x_wconf 87' lang='lat' dir='ltr'><strong>eninr</strong></span> <span class='ocrx_word' id='word_1_150' title='bbox 790 1825 936 1884; x_wconf 82' lang='lat' dir='ltr'><strong>furentem</strong></span> <span class='ocrx_word' id='word_1_151' title='bbox 962 1825 994 1882; x_wconf 89' lang='lat' dir='ltr'><strong>in</strong></span> <span class='ocrx_word' id='word_1_152' title='bbox 1023 1827 1107 1886; x_wconf 75' lang='lat' dir='ltr'><strong>nolris</strong></span> 
     </span>
    </p>

    <p class='ocr_par' dir='ltr' id='par_1_7' title="bbox 155 1908 1109 2152">
     <span class='ocr_line' id='line_1_21' title="bbox 155 1908 1108 1985; baseline 0.005 -21"><span class='ocrx_word' id='word_1_153' title='bbox 155 1982 157 1984; x_wconf 15' lang='grc' dir='ltr'>Ι</span> <span class='ocrx_word' id='word_1_154' title='bbox 195 1908 417 1964; x_wconf 77' lang='lat' dir='ltr'><strong>commotionem</strong></span> <span class='ocrx_word' id='word_1_155' title='bbox 440 1909 607 1966; x_wconf 82' lang='lat' dir='ltr'><strong>iracundiae</strong></span> <span class='ocrx_word' id='word_1_156' title='bbox 627 1910 719 1985; x_wconf 79' lang='lat' dir='ltr'><strong>regit3</strong></span> <span class='ocrx_word' id='word_1_157' title='bbox 763 1910 892 1966; x_wconf 81' lang='lat' dir='ltr'><strong>iustitiae</strong></span> <span class='ocrx_word' id='word_1_158' title='bbox 922 1921 1019 1966; x_wconf 85' lang='lat' dir='ltr'><strong>autern</strong></span> <span class='ocrx_word' id='word_1_159' title='bbox 1047 1910 1108 1969; x_wconf 79' lang='lat' dir='ltr'><strong>Eu-</strong></span> 
     </span>
     <span class='ocr_line' id='line_1_22' title="bbox 194 1989 1109 2075; baseline 0.008 -28"><span class='ocrx_word' id='word_1_160' title='bbox 194 1989 327 2066; x_wconf 85' lang='lat' dir='ltr'><strong>plirutes,</strong></span> <span class='ocrx_word' id='word_1_161' title='bbox 356 1993 491 2062; x_wconf 87' lang='lat' dir='ltr'><strong>quoniam</strong></span> <span class='ocrx_word' id='word_1_162' title='bbox 512 1995 542 2049; x_wconf 93' lang='lat' dir='ltr'><strong>in</strong></span> <span class='ocrx_word' id='word_1_163' title='bbox 565 1993 645 2048; x_wconf 90' lang='lat' dir='ltr'><strong>nullo</strong></span> <span class='ocrx_word' id='word_1_164' title='bbox 667 1994 708 2050; x_wconf 82' lang='lat' dir='ltr'><strong>ito</strong></span> <span class='ocrx_word' id='word_1_165' title='bbox 728 1993 855 2050; x_wconf 83' lang='lat' dir='ltr'><strong>luctatur</strong></span> <span class='ocrx_word' id='word_1_166' title='bbox 875 1991 1002 2052; x_wconf 70' lang='lat' dir='ltr'><strong>leontinis</strong></span> <span class='ocrx_word' id='word_1_167' title='bbox 1026 1998 1109 2075; x_wconf 80' lang='lat' dir='ltr'><strong>cogi-</strong></span> 
     </span>
     <span class='ocr_line' id='line_1_23' title="bbox 194 2076 699 2152; baseline 0.002 -20"><span class='ocrx_word' id='word_1_168' title='bbox 194 2076 268 2132; x_wconf 79' lang='lat' dir='ltr'><strong>tatio</strong></span> <span class='ocrx_word' id='word_1_169' title='bbox 289 2077 398 2152; x_wconf 83' lang='lat' dir='ltr'><strong>magis,</strong></span> <span class='ocrx_word' id='word_1_170' title='bbox 419 2091 505 2149; x_wconf 86' lang='lat' dir='ltr'><strong>quara</strong></span> <span class='ocrx_word' id='word_1_171' title='bbox 526 2078 557 2134; x_wconf 89' lang='lat' dir='ltr'><strong>in</strong></span> <span class='ocrx_word' id='word_1_172' title='bbox 579 2077 699 2134; x_wconf 83' lang='lat' dir='ltr'><strong>iustitio.</strong></span> 
     </span>
    </p>
   </div>
   <div class='ocr_carea' id='block_1_3' title="bbox 152 2187 1183 2522">
    <p class='ocr_par' dir='ltr' id='par_1_8' title="bbox 162 2187 1183 2440">
     <span class='ocr_line' id='line_1_24' title="bbox 162 2187 1183 2272; baseline 0.008 -23"><span class='ocrx_word' id='word_1_173' title='bbox 162 2189 299 2264; x_wconf 55' lang='lat' dir='ltr'><strong>,Quare</strong></span> <span class='ocrx_word' id='word_1_174' title='bbox 325 2191 492 2272; x_wconf 75' lang='lat' dir='ltr'><strong>Euphratis</strong></span> <span class='ocrx_word' id='word_1_175' title='bbox 523 2193 615 2250; x_wconf 82' lang='lat' dir='ltr'><strong>tolum</strong></span> <span class='ocrx_word' id='word_1_176' title='bbox 645 2214 702 2252; x_wconf 81' lang='lat' dir='ltr'><strong>nou</strong></span> <span class='ocrx_word' id='word_1_177' title='bbox 732 2195 875 2253; x_wconf 76' lang='lat' dir='ltr'><strong>describit</strong></span> <span class='ocrx_word' id='word_1_178' title='bbox 907 2195 1021 2268; x_wconf 83' lang='lat' dir='ltr'><strong>locum,</strong></span> <span class='ocrx_word' id='word_1_179' title='bbox 1053 2187 1122 2256; x_wconf 70' lang='lat' dir='ltr'><strong>aed⁸</strong></span> <span class='ocrx_word' id='word_1_180' title='bbox 1182 2265 1183 2272; x_wconf 8' lang='grc' dir='ltr'>ἵ</span> 
     </span>
     <span class='ocr_line' id='line_1_25' title="bbox 235 2273 1107 2354; baseline 0.007 -22"><span class='ocrx_word' id='word_1_181' title='bbox 235 2273 360 2348; x_wconf 75' lang='lat' dir='ltr'><strong>Phison,</strong></span> <span class='ocrx_word' id='word_1_182' title='bbox 384 2279 497 2354; x_wconf 81' lang='lat' dir='ltr'><strong>inquit,</strong></span> <span class='ocrx_word' id='word_1_183' title='bbox 525 2279 634 2335; x_wconf 79' lang='lat' dir='ltr'><strong>circuit</strong></span> <span class='ocrx_word' id='word_1_184' title='bbox 662 2297 770 2335; x_wconf 85' lang='lat' dir='ltr'><strong>omnent</strong></span> <span class='ocrx_word' id='word_1_185' title='bbox 792 2289 904 2335; x_wconf 80' lang='lat' dir='ltr'><strong>terrum</strong></span> <span class='ocrx_word' id='word_1_186' title='bbox 926 2277 1047 2352; x_wconf 85' lang='lat' dir='ltr'><strong>Eailot,</strong></span> <span class='ocrx_word' id='word_1_187' title='bbox 1077 2289 1107 2338; x_wconf 83' lang='lat' dir='ltr'><strong>et</strong></span> 
     </span>
     <span class='ocr_line' id='line_1_26' title="bbox 238 2358 1107 2440; baseline 0.005 -24"><span class='ocrx_word' id='word_1_188' title='bbox 238 2358 338 2418; x_wconf 80' lang='lat' dir='ltr'><strong>Geltou</strong></span> <span class='ocrx_word' id='word_1_189' title='bbox 360 2363 469 2418; x_wconf 75' lang='lat' dir='ltr'><strong>circuit</strong></span> <span class='ocrx_word' id='word_1_190' title='bbox 490 2379 600 2418; x_wconf 75' lang='lat' dir='ltr'><strong>onlnem</strong></span> <span class='ocrx_word' id='word_1_191' title='bbox 631 2373 744 2419; x_wconf 79' lang='lat' dir='ltr'><strong>terrum</strong></span> <span class='ocrx_word' id='word_1_192' title='bbox 768 2361 961 2440; x_wconf 73' lang='lat' dir='ltr'><strong>Aethiopiae,</strong></span> <span class='ocrx_word' id='word_1_193' title='bbox 991 2372 1021 2422; x_wconf 77' lang='lat' dir='ltr'><strong>tt</strong></span> <span class='ocrx_word' id='word_1_194' title='bbox 1051 2359 1107 2422; x_wconf 77' lang='lat' dir='ltr'><strong>Ti-</strong></span> 
     </span>
    </p>

    <p class='ocr_par' dir='ltr' id='par_1_9' title="bbox 152 2443 767 2522">
     <span class='ocr_line' id='line_1_27' title="bbox 152 2443 767 2522; baseline 0.005 -23"><span class='ocrx_word' id='word_1_195' title='bbox 152 2461 162 2466; x_wconf 80' lang='grc'><em>“</em></span> <span class='ocrx_word' id='word_1_196' title='bbox 231 2445 299 2522; x_wconf 82' lang='lat' dir='ltr'><strong>gris</strong></span> <span class='ocrx_word' id='word_1_197' title='bbox 318 2445 402 2502; x_wconf 84' lang='lat' dir='ltr'><strong>uadit</strong></span> <span class='ocrx_word' id='word_1_198' title='bbox 425 2455 531 2502; x_wconf 80' lang='lat' dir='ltr'><strong>contro</strong></span> <span class='ocrx_word' id='word_1_199' title='bbox 554 2443 729 2522; x_wconf 79' lang='lat' dir='ltr'><strong>Assyrium?</strong></span> <span class='ocrx_word' id='word_1_200' title='bbox 752 2444 767 2522; x_wconf 90' lang='lat'><em>)</em></span> 
     </span>
    </p>
   </div>
   <div class='ocr_carea' id='block_1_4' title="bbox 91 2559 1180 3228">
    <p class='ocr_par' dir='ltr' id='par_1_10' title="bbox 275 2559 1105 2640">
     <span class='ocr_line' id='line_1_28' title="bbox 275 2559 1105 2640; baseline 0 -20"><span class='ocrx_word' id='word_1_201' title='bbox 275 2559 371 2640; x_wconf 59' lang='lat'><strong>§.132</strong></span> <span class='ocrx_word' id='word_1_202' title='bbox 423 2559 521 2640; x_wconf 80' lang='lat' dir='ltr'><strong>Tigris</strong></span> <span class='ocrx_word' id='word_1_203' title='bbox 556 2563 675 2618; x_wconf 71' lang='lat' dir='ltr'><strong>ninnium</strong></span> <span class='ocrx_word' id='word_1_204' title='bbox 712 2563 832 2620; x_wconf 84' lang='lat' dir='ltr'><strong>imnritis</strong></span> <span class='ocrx_word' id='word_1_205' title='bbox 861 2580 895 2619; x_wconf 87' lang='lat' dir='ltr'><strong>ac</strong></span> <span class='ocrx_word' id='word_1_206' title='bbox 924 2561 1105 2636; x_wconf 84' lang='lat' dir='ltr'><strong>perniciosus</strong></span> 
     </span>
    </p>

    <p class='ocr_par' dir='ltr' id='par_1_11' title="bbox 126 2644 1104 2724">
     <span class='ocr_line' id='line_1_29' title="bbox 126 2644 1104 2724; baseline -0.001 -22"><span class='ocrx_word' id='word_1_207' title='bbox 126 2663 131 2669; x_wconf 70' lang='grc'><strong>’</strong></span> <span class='ocrx_word' id='word_1_208' title='bbox 191 2645 270 2702; x_wconf 86' lang='lat' dir='ltr'><strong>inter</strong></span> <span class='ocrx_word' id='word_1_209' title='bbox 299 2663 398 2702; x_wconf 84' lang='lat' dir='ltr'><strong>amnes</strong></span> <span class='ocrx_word' id='word_1_210' title='bbox 428 2657 488 2718; x_wconf 85' lang='lat' dir='ltr'><strong>¹est,</strong></span> <span class='ocrx_word' id='word_1_211' title='bbox 517 2657 550 2702; x_wconf 93' lang='lat' dir='ltr'><strong>ut</strong></span> <span class='ocrx_word' id='word_1_212' title='bbox 579 2645 732 2724; x_wconf 82' lang='lat' dir='ltr'><strong>Babylonii</strong></span> <span class='ocrx_word' id='word_1_213' title='bbox 760 2656 921 2719; x_wconf 84' lang='lat' dir='ltr'><strong>testentur,</strong></span> <span class='ocrx_word' id='word_1_214' title='bbox 953 2655 984 2701; x_wconf 92' lang='lat' dir='ltr'><strong>ct</strong></span> <span class='ocrx_word' id='word_1_215' title='bbox 1008 2644 1104 2724; x_wconf 83' lang='lat' dir='ltr'><strong>Magi,</strong></span> 
     </span>
    </p>

    <p class='ocr_par' dir='ltr' id='par_1_12' title="bbox 190 2729 1103 2804">
     <span class='ocr_line' id='line_1_30' title="bbox 190 2729 1103 2804; baseline 0.001 -17"><span class='ocrx_word' id='word_1_216' title='bbox 190 2732 283 2804; x_wconf 88' lang='lat' dir='ltr'><strong>ipsum</strong></span> <span class='ocrx_word' id='word_1_217' title='bbox 306 2730 515 2803; x_wconf 77' lang='lat' dir='ltr'><strong>comperientes</strong></span> <span class='ocrx_word' id='word_1_218' title='bbox 536 2741 683 2804; x_wconf 84' lang='lat' dir='ltr'><strong>tamquam</strong></span> <span class='ocrx_word' id='word_1_219' title='bbox 710 2732 837 2787; x_wconf 88' lang='lat' dir='ltr'><strong>alienum</strong></span> <span class='ocrx_word' id='word_1_220' title='bbox 864 2729 899 2786; x_wconf 83' lang='lat' dir='ltr'><strong>ab</strong></span> <span class='ocrx_word' id='word_1_221' title='bbox 927 2745 1019 2804; x_wconf 75' lang='lat' dir='ltr'><strong>aquae</strong></span> <span class='ocrx_word' id='word_1_222' title='bbox 1049 2747 1103 2788; x_wconf 85' lang='lat' dir='ltr'><strong>na·</strong></span> 
     </span>
    </p>

    <p class='ocr_par' dir='ltr' id='par_1_13' title="bbox 189 2810 1103 2898">
     <span class='ocr_line' id='line_1_31' title="bbox 189 2810 1103 2898; baseline 0 -26"><span class='ocrx_word' id='word_1_223' title='bbox 189 2825 272 2872; x_wconf 88' lang='lat' dir='ltr'><strong>turo:</strong></span> <span class='ocrx_word' id='word_1_224' title='bbox 301 2832 401 2872; x_wconf 84' lang='lat' dir='ltr'><strong>rerum</strong></span> <span class='ocrx_word' id='word_1_225' title='bbox 430 2815 525 2888; x_wconf 92' lang='lat' dir='ltr'><strong>potuit</strong></span> <span class='ocrx_word' id='word_1_226' title='bbox 559 2810 629 2890; x_wconf 84' lang='lat' dir='ltr'><strong>(vel</strong></span> <span class='ocrx_word' id='word_1_227' title='bbox 655 2813 832 2898; x_wconf 81' lang='lat' dir='ltr'><strong>potuerunt)</strong></span> <span class='ocrx_word' id='word_1_228' title='bbox 868 2815 953 2870; x_wconf 84' lang='lat' dir='ltr'><strong>olium</strong></span> <span class='ocrx_word' id='word_1_229' title='bbox 985 2829 1103 2890; x_wconf 87' lang='lat' dir='ltr'><strong>quoque</strong></span> 
     </span>
    </p>

    <p class='ocr_par' dir='ltr' id='par_1_14' title="bbox 98 2897 1103 2973">
     <span class='ocr_line' id='line_1_32' title="bbox 98 2897 1103 2973; baseline 0.003 -19"><span class='ocrx_word' id='word_1_230' title='bbox 98 2912 103 2918; x_wconf 83' lang='lat'><strong>·</strong></span> <span class='ocrx_word' id='word_1_231' title='bbox 189 2897 296 2956; x_wconf 77' lang='lat' dir='ltr'><strong>hebere</strong></span> <span class='ocrx_word' id='word_1_232' title='bbox 319 2898 461 2956; x_wconf 84' lang='lat' dir='ltr'><strong>rationem</strong></span> <span class='ocrx_word' id='word_1_233' title='bbox 483 2899 646 2958; x_wconf 76' lang='lat' dir='ltr'><strong>aversandi.</strong></span> <span class='ocrx_word' id='word_1_234' title='bbox 697 2899 860 2973; x_wconf 83' lang='lat' dir='ltr'><strong>Euphrates</strong></span> <span class='ocrx_word' id='word_1_235' title='bbox 881 2909 979 2956; x_wconf 85' lang='lat' dir='ltr'><strong>autem</strong></span> <span class='ocrx_word' id='word_1_236' title='bbox 1001 2899 1103 2956; x_wconf 88' lang='lat' dir='ltr'><strong>mitior</strong></span> 
     </span>
    </p>

    <p class='ocr_par' dir='ltr' id='par_1_15' title="bbox 91 2981 1101 3070">
     <span class='ocr_line' id='line_1_33' title="bbox 91 2981 1101 3070; baseline 0 -30"><span class='ocrx_word' id='word_1_237' title='bbox 91 3051 100 3070; x_wconf 46' lang='grc' dir='ltr'><em>Ι</em></span> <span class='ocrx_word' id='word_1_238' title='bbox 189 2991 234 3040; x_wconf 83' lang='lat' dir='ltr'><strong>est</strong></span> <span class='ocrx_word' id='word_1_239' title='bbox 263 2991 293 3038; x_wconf 90' lang='lat' dir='ltr'><strong>et</strong></span> <span class='ocrx_word' id='word_1_240' title='bbox 318 2981 461 3040; x_wconf 81' lang='lat' dir='ltr'><strong>salubrior</strong></span> <span class='ocrx_word' id='word_1_241' title='bbox 488 2983 640 3061; x_wconf 82' lang='lat' dir='ltr'><strong>magisque</strong></span> <span class='ocrx_word' id='word_1_242' title='bbox 667 2985 858 3056; x_wconf 84' lang='lat' dir='ltr'><strong>nutritorius3</strong></span> <span class='ocrx_word' id='word_1_243' title='bbox 894 2999 982 3056; x_wconf 79' lang='lat' dir='ltr'><strong>qrrare</strong></span> <span class='ocrx_word' id='word_1_244' title='bbox 1010 2983 1101 3040; x_wconf 86' lang='lat' dir='ltr'><strong>adau-</strong></span> 
     </span>
    </p>

    <p class='ocr_par' dir='ltr' id='par_1_16' title="bbox 187 3065 1180 3228">
     <span class='ocr_line' id='line_1_34' title="bbox 188 3065 1101 3142; baseline 0.005 -22"><span class='ocrx_word' id='word_1_245' title='bbox 188 3075 306 3142; x_wconf 80' lang='lat' dir='ltr'><strong>gentem</strong></span> <span class='ocrx_word' id='word_1_246' title='bbox 334 3073 364 3124; x_wconf 84' lang='lat' dir='ltr'><strong>et</strong></span> <span class='ocrx_word' id='word_1_247' title='bbox 394 3066 591 3139; x_wconf 85' lang='lat' dir='ltr'><strong>proferentem</strong></span> <span class='ocrx_word' id='word_1_248' title='bbox 626 3070 720 3142; x_wconf 85' lang='lat' dir='ltr'><strong>ipsum</strong></span> <span class='ocrx_word' id='word_1_249' title='bbox 756 3078 864 3127; x_wconf 72' lang='lat' dir='ltr'><strong>vocant</strong></span> <span class='ocrx_word' id='word_1_250' title='bbox 899 3065 1101 3130; x_wconf 75' lang='lat' dir='ltr'><strong>Hebraeorum</strong></span> 
     </span>
     <span class='ocr_line' id='line_1_35' title="bbox 187 3150 1180 3228; baseline 0.002 -22"><span class='ocrx_word' id='word_1_251' title='bbox 187 3151 427 3224; x_wconf 83' lang='lat' dir='ltr'><strong>Assyriorumque</strong></span> <span class='ocrx_word' id='word_1_252' title='bbox 450 3151 605 3224; x_wconf 85' lang='lat' dir='ltr'><strong>sopientes.</strong></span> <span class='ocrx_word' id='word_1_253' title='bbox 648 3151 806 3228; x_wconf 80' lang='lat' dir='ltr'><strong>Propterea</strong></span> <span class='ocrx_word' id='word_1_254' title='bbox 825 3169 885 3209; x_wconf 90' lang='lat' dir='ltr'><strong>non</strong></span> <span class='ocrx_word' id='word_1_255' title='bbox 903 3150 1019 3209; x_wconf 83' lang='lat' dir='ltr'><strong>aliunde</strong></span> <span class='ocrx_word' id='word_1_256' title='bbox 1042 3150 1101 3226; x_wconf 88' lang='lat' dir='ltr'><strong>hic,</strong></span> <span class='ocrx_word' id='word_1_257' title='bbox 1178 3209 1180 3224; x_wconf 70' lang='grc'>,</span> 
     </span>
    </p>
   </div>
   <div class='ocr_carea' id='block_1_5' title="bbox 130 3229 393 3257">
    <p class='ocr_par' dir='ltr' id='par_1_17' title="bbox 130 3229 393 3257">
     <span class='ocr_line' id='line_1_36' title="bbox 130 3229 393 3257; baseline -0.004 0"><span class='ocrx_word' id='word_1_258' title='bbox 130 3229 135 3236; x_wconf 71' lang='grc'><strong>”</strong></span> <span class='ocrx_word' id='word_1_259' title='bbox 185 3233 393 3257; x_wconf 68' lang='grc' dir='ltr'><strong>ιυ--Ε--ι</strong></span> 
     </span>
    </p>
   </div>
   <div class='ocr_carea' id='block_1_6' title="bbox 235 3275 568 3346">
    <p class='ocr_par' dir='ltr' id='par_1_18' title="bbox 235 3275 568 3346">
     <span class='ocr_line' id='line_1_37' title="bbox 235 3275 568 3346; baseline 0.021 -23"><span class='ocrx_word' id='word_1_260' title='bbox 235 3275 258 3336; x_wconf 77' lang='lat'><strong>¹⁸)</strong></span> <span class='ocrx_word' id='word_1_261' title='bbox 279 3281 373 3326; x_wconf 80' lang='lat' dir='ltr'><strong>Genea.</strong></span> <span class='ocrx_word' id='word_1_262' title='bbox 392 3281 568 3346; x_wconf 73' lang='lat'><strong>2„10-19.</strong></span> 
     </span>
    </p>
   </div>
   <div class='ocr_carea' id='block_1_7' title="bbox 0 0 1202 3690">
    <p class='ocr_par' dir='ltr' id='par_1_19' title="bbox 0 0 1202 3690">
     <span class='ocr_line' id='line_1_38' title="bbox 0 0 1202 3690; baseline 0 3"><span class='ocrx_word' id='word_1_263' title='bbox 0 0 1202 3690; x_wconf 95' lang='lat' dir='ltr'><strong> </strong></span> 
     </span>
    </p>
   </div>
  </div>
 </body>
</html>
