2394 3690
9 113 10 116 Ὺ
96 126 929 264 ruritiunousasrnncnv.mai.a.17-19.
950 158 1014 228 259

9 351 15 584 ᾧ

81 311 165 374 ‘Gar
185 315 278 374 dicit:
299 312 363 374 Non
385 323 431 373 eat
453 315 557 374 bonam
578 333 643 377 eoae
663 317 805 376 bominem
826 315 938 376 solam.-
953 314 1014 390 fa·
1083 351 1106 399 ¹.

136 401 255 458 ciamus
278 401 307 456 ei
323 399 493 458 adiutorem
511 403 668 460 secundam
689 399 809 479 paam?

185 496 209 578 d.
230 493 287 559 17.
317 495 385 554 His
417 499 553 577 designat
586 503 823 583 communitatem
851 496 1014 556 habendam

98 598 183 654 csse,
205 587 265 639 n'on
287 601 352 640 cum
378 583 529 656 omnibus,
559 577 780 662 cedowalla,
803 584 853 658 qui
881 581 1013 640 alliuvari
1076 623 1079 626 -

30 669 34 674 ’
100 679 132 726 et
154 669 280 728 vicissim
302 667 439 741 prodesse
461 669 580 740 volunt,
689 671 728 736 ix
749 669 868 766 possint
911 667 1010 733 Quon-
1068 685 1091 714 ⁶·

100 753 160 811 iarn
188 769 268 808 anaor
294 771 354 808 non
382 753 475 828 magis
496 754 528 809 in
548 755 614 810 utili
685 759 801 827 ‚quam
832 754 863 809 in
892 752 1034 809 ebncor·

103 836 152 894 dia
174 834 342 892 harmonica
362 845 390 897 st
378 835 475 897 tabilis
499 840 587 894 moris
610 840 778 909 consistit3
800 837 843 892 ita
866 845 901 890 ut
922 851 1014 892 ιιιιιιι·

100 921 243 1010 quiaque
255 920 527 977 convenientium*
518 939 550 977 ιιι
587 923 822 978 communitatem
851 919 977 976 anioris·
985 931 1053 980 ΡΗΑ

100 967 314 1083 Pythagoream
335 1005 432 1061 valeat
452 1022 555 1062 vocem
577 1005 677 1064 edere:
702 1006 804 1082 utique
821 1004 934 1062 arnicas
948 1009 993 1060 eal
1014 996 1055 1079 14
1095 1053 1107 1074 χ
1120 1038 1140 1082 1,

35 1089 46 1094 “
102 1087 183 1147 alter
212 1108 299 1168 ergo.
316 1088 344 1160 a)

105 1220 209 1294 Quare
239 1239 328 1298 quam
354 1211 447 1280 anteo
474 1221 623 1282 dixisset:
651 1219 811 1294 faciamus
846 1209 1015 1278 adiutorem

62 1315 67 1320 “
143 1303 272 1376 bomini,
301 1305 414 1364 beatius
436 1317 522 1364 creat
545 1317 574 1364 et
588 1301 728 1384 pecora?
745 1300 792 1384 aa)

157 1457 159 1463 ι
186 1419 209 1499 §-
233 1421 282 1482 18.
322 1419 481 1479 Helluones
502 1421 635 1478 fortassis
656 1420 894 1494 insatiabilesque
912 1425 1017 1478 ventm

103 1503 251 1578 dixerint,
278 1503 387 1563 bestias
410 1524 445 1564 oc
474 1507 605 1563 volucria
632 1513 778 1581 tamquam
805 1503 884 1572 cibos
913 1519 1018 1560 neces·
1103 1517 1117 1536 ·

102 1591 195 1648 uarios
220 1589 365 1646 adiutorio
385 1587 497 1646 homini
519 1603 608 1662 esse3-
628 1600 800 1662 cooperatur
821 1589 899 1648 enim
917 1585 1016 1646 ventri

94 1666 170 1731 ‘esus
200 1674 295 1732 earnis
323 1673 360 1730 ad
389 1675 512 1730 salutem
539 1675 730 1751 vigoremque
759 1671 899 1746 corporis.
950 1667 1016 1746 Ego

42 1787 47 1794 ·
103 1768 202 1816 tamen
222 1768 320 1832 putem
339 1775 417 1814 nunc
437 1756 548 1816 homini
568 1757 603 1815 ob
622 1759 729 1814 malum
748 1756 804 1812 sibi
820 1756 939 1812 insitum
960 1753 1032 1808 iaia-

103 1843 181 1901 mico
209 1852 240 1899 et
268 1839 465 1920 oppugnantia
488 1861 559 1898 esse
589 1842 725 1918 animalia
764 1849 823 1896 tem
856 1837 1017 1907 terrestria,

32 1977 36 1982 .
105 1943 192 2002 quam
212 1927 359 1984 volatilia:
381 1929 474 2002 primo
493 1943 564 1984 vero
586 1925 733 1999 (bomini)
756 1924 874 1980 omnino
901 1921 1018 1980 virtuti-

103 2007 158 2070 bus
179 2022 319 2070 exornato
331 2021 487 2088 ‘tamquam
500 2011 596 2068 socios
609 2011 678 2067 belli
697 2012 728 2066 in
750 2007 910 2066 subsidium
925 2005 1018 2062 fuisse

105 2104 138 2154 et
159 2097 267 2152 amieos
285 2096 449 2153 familiares
478 2113 516 2152 ex
545 2105 649 2152 natura
670 2088 830 2152 'cicuritate
858 2089 1017 2165 praeditos:
1064 2094 1069 2101 ’

105 2179 311 2239 familiaritatis
333 2189 429 2236 autem
449 2181 526 2236 ratio
547 2181 608 2236 sola
630 2187 711 2252 erat,
731 2179 775 2235 sic
796 2176 871 2234 enim
897 2172 1019 2232 decebat

105 2281 206 2322 servos
227 2263 302 2338 apud
321 2263 482 2360 principem
503 2279 576 2322 esse.

108 2354 171 2440 Gar
200 2383 308 2439 iterum
335 2397 412 2436 nanc
438 2387 582 2435 creantur
616 2376 783 2434 animantia
811 2385 841 2433 et
870 2337 1020 2444 volatilia,
1109 2383 1110 2389 ’
1186 2387 1187 2392 ’

149 2484 239 2565 quam
259 2467 318 2522 iam
346 2467 436 2520 antec
459 2461 639 2519 denunciata
656 2461 763 2534 fuerit
785 2459 899 2518 creatio
920 2475 1020 2516 eorum

149 2552 181 2608 s'n
202 2549 306 2607 ordine
326 2563 379 2604 aes
399 2543 535 2604 dieram?

192 2663 215 2746 d.
240 2665 288 2726 19.
331 2663 467 2722 Fortasse
488 2664 539 2720 illa
567 2681 641 2739 quae
671 2659 808 2734 (creato)
836 2675 890 2718 sex
918 2655 1019 2717 diebus

45 2813 49 2824 ,
89 2749 206 2824 inere,
243 2750 412 2824 incorporei
441 2749 525 2806 erant
553 2745 696 2826 (angeli)
734 2743 893 2822 symbolice
923 2742 1022 2800 decla·

106 2836 185 2907 rati,
216 2837 329 2910 speeies
355 2835 522 2891 animalium
552 2833 779 2906 volatiliumque.
835 2826 920 2884 Nune
948 2844 1020 2884 vero
1097 2867 1099 2870 -

106 2919 258 2997 producta
274 2937 395 2994 reapse,
421 2916 625 2976 similitudines
656 2933 771 2988 eorum,
797 2911 983 2984 sensibilia
973 2929 1021 2969 rn-
1032 2978 1037 2996 ,Ι

106 3003 273 3063 visibilium

158 3203 182 3265 ³)
201 3207 260 3253 Hoc
276 3205 463 3267 fragmentum
469 3202 603 3250 servatum
619 3203 661 3248 ert
685 3200 717 3248 ab
741 3200 841 3292 losnne
859 3175 1022 3244 Damascena

107 3274 214 3336 p..788
236 3269 269 3321 ci.
288 3273 349 3321 vol.
371 3273 416 3321 Vl.
435 3287 460 3333 p.
479 3269 539 3326 218.
559 3269 599 3318 ed.
619 3264 784 3318 nostrae*
781 3265 893 3341 ῗ).11ιιι
911 3259 1001 3327 219

205 3461 224 3496 Ρ
