2394 3690
195 141 259 214 258
280 103 665 212 rmn.1a‘6.cuinsn
680 139 949 204 marucini
963 139 989 221 ι
1004 139 1119 208 15.16.

198 297 262 362 Gar
284 301 402 380 quamde
424 300 504 360 iubet
527 299 678 358 comodere
700 317 737 358 ec
758 300 838 356 omni
857 301 939 380 ligna
955 261 1118 376 plraeter,

238 385 440 483 tingeluritcr
454 385 548 444 dicit:
572 383 710 456 Comede;
732 383 848 459 qrcendc
870 395 939 442 aere
960 383 1118 442 abstinere

230 469 321 546 facit
341 487 380 528 ea·
401 463 482 544 ligne
504 471 657 526 notitiam·
651 467 756 524 manre
781 466 850 524 boni
870 477 899 526 et
928 467 1018 538 mali,
1040 467 1117 545 plu-

221 553 348 612 raliter
378 553 471 610 dicit:
510 548 555 612 Ne
583 551 788 630 turrimque
813 552 891 608 enim
914 551 970 610 die
1007 551 1117 623 edecta,

236 629 426 728 mcrjemmi?
436 637 464 710 i)

241 749 304 830 l.
328 748 679 825 taurinumque
687 751 777 808 nunni
807 769 845 808 cx
872 751 972 808 multis
1000 749 1115 810 fectum

196 833 308 894 ltcnuni
318 847 389 912 ert3
417 836 462 894 id
468 845 564 893 autem
585 833 664 893 haud
687 837 825 914 exiguum
846 834 891 892 hir
907 834 1114 894 etiamnunc-

196 921 300 992 nitus,
322 911 458 994 quoniam
481 921 532 977 ille
561 922 611 994 qui
638 920 793 984 utilitatem
821 919 915 992 iecit,
944 938 1020 977 unae
1048 930 1112 994 eet3

195 1013 228 1062 et
248 1005 300 1082 qui
327 1007 485 1061 utilitatem
514 1006 717 1078 consequitur,
746 1003 847 1060 itidem
879 1021 962 1062 unus.
1014 1002 1111 1062 Unum

195 1097 294 1146 autem
322 1089 387 1146 dicu
414 1089 475 1145 ncrl
494 1088 531 1144 de
551 1089 620 1160 illc,
651 1087 728 1164 quoti
746 1090 829 1148 iuxtn
849 1105 1000 1152 numerum
1028 1097 1112 1144 ante-

196 1173 276 1232 cedit
296 1171 454 1245 deitatem,
475 1171 527 1228 aed
548 1172 584 1228 de
605 1173 714 1230 virtute
735 1171 859 1242 unifica,
888 1180 1031 1246 quatenus
1052 1173 1111 1230 rite
1129 1215 1131 1220 .

197 1257 366 1315 ccnlercunt
386 1257 482 1330 plures
503 1265 534 1312 et
552 1273 604 1330 per
626 1255 811 1316 concordiam
832 1257 984 1312 imitantur
1004 1273 1112 1312 unum:

101 1365 104 1380 ·
151 1369 155 1376 ·
195 1349 230 1398 ut
252 1357 343 1418 grex,
364 1349 547 1411 armentum,
564 1357 677 1414 pecus,
694 1337 816 1411 chorus,
839 1343 1002 1412 exercitus,
1025 1357 1110 1416 gena,

196 1421 307 1496 tribua,
329 1421 459 1495 soboles,
483 1423 594 1482 civitae.
635 1421 718 1481 Haec
740 1425 817 1480 enim
832 1425 929 1480 omnia
945 1441 998 1497 per
1016 1425 1112 1480 multu

196 1515 266 1566 sunt
294 1525 352 1566 una
380 1507 571 1580 communitas
601 1507 760 1566 dilectione
793 1509 875 1564 vetut
907 1509 1007 1564 osculo
1039 1525 1111 1582 ccu-

196 1605 291 1664 nexa;
334 1589 385 1649 ubi
420 1591 553 1648 inunixte
588 1601 619 1648 et
652 1591 847 1648 incommunia
879 1590 932 1648 cub
968 1591 1111 1648 duitatem

196 1674 469 1748 multitudinemque
492 1674 599 1734 cadent
619 1673 780 1749 discerpta:
801 1693 878 1732 nam
892 1674 1055 1732 discordiae
1080 1689 1108 1736 P.
1117 1691 1147 1736 Α.

193 1757 312 1816 initium
334 1769 380 1816 cat
406 1760 510 1820 duitas.
560 1757 627 1818 Dua
647 1767 745 1816 autem
760 1758 849 1816 ¹aient
871 1776 961 1816 unum
985 1759 1088 1818 cadem
1111 1760 1148 1824 13
1184 1807 1185 1819 ,

196 1841 379 1918 philosophia
400 1851 536 1916 attentet,
572 1841 715 1900 illibatam
746 1859 782 1900 ac
816 1842 938 1898 nitidam
971 1849 1114 1900 exercent

195 1927 351 1999 virtutem,
380 1944 454 2003 quae
476 1943 579 2002 expete
600 1927 729 1984 malitiae
751 1935 812 1984 est·
840 1925 891 1982 ubi
910 1945 982 1984 uero
1001 1926 1111 1985 bonum

196 2017 229 2068 et
245 2011 352 2068 melum
374 2012 532 2070 commixta
552 2012 629 2085 rint,
648 2011 821 2088 principium
836 2008 946 2068 hebent
964 2011 1113 2070 mixturae

195 2095 308 2153 mertia.

386 2225 469 2298 Quid
487 2237 553 2288 eet:
573 2226 674 2292 Morte
695 2229 862 2288 moriemini
868 2219 939 2308 tae)

279 2339 303 2424 i.
326 2343 374 2405 16.
416 2343 576 2404 Probcrum
592 2365 674 2406 more
694 2345 814 2404 alteriue
835 2346 915 2404 vitae
935 2344 1112 2420 principium

196 2437 251 2486 cst.
290 2427 407 2502 Duplex
428 2439 473 2486 eet
493 2432 570 2487 enirn
590 2431 666 2488 vita.
696 2448 754 2486 una
775 2431 806 2486 in
824 2449 944 2506 corpore
966 2431 1111 2504 corrupti·
1182 2419 1183 2478 1

195 2511 280 2586 bilir;
302 2513 393 2570 altere
414 2515 478 2570 eine
502 2531 621 2588 corpore
644 2513 879 2614 incorruptibilis.
933 2513 1013 2592 Ergo
1034 2531 1111 2572 unua

193 2589 371 2671 improbus
364 2605 457 2654 morte
480 2600 618 2669 moritur,
647 2595 722 2675 qui
718 2599 805 2655 ctiam
829 2597 923 2656 adhuc
942 2598 1111 2672 spiranein

194 2677 392 2738 viventibus
382 2681 569 2756 iampridem
589 2683 718 2755 sepultus
740 2691 820 2754 crat,
841 2693 875 2740 ut
895 2683 1005 2740 nullam
1026 2683 1111 2756 peni·

194 2771 244 2824 tm
272 2765 466 2822 acintillam
457 2784 489 2822 ιιι
517 2785 549 2823 ce
580 2777 765 2824 conservaret
793 2785 881 2824 verae
910 2767 1008 2838 vitae,
1037 2783 1111 2843 quae

196 2855 242 2905 eet
264 2848 372 2924 optima
392 2847 529 2922 probiter.
572 2847 688 2908 Probus*
703 2860 807 2908 autem.
820 2853 868 2908 vir
886 2859 968 2908 tanto
990 2853 1110 2909 nomine

158 2965 162 2980 ι
195 2929 300 3009 (lignus
320 2949 379 2988 non
409 2941 502 2990 morte
530 2934 671 3010 moritur,
700 2936 752 2994 cml
779 2953 816 2993 ex
843 2937 963 2994 vivente
994 2935 1109 3011 prolixo
1181 2929 1182 2977 ἶ

193 3011 282 3072 linem
303 3017 426 3074 sortitur
444 3028 605 3076 aeternum.
887 3045 892 3054 ·

193 3158 403 3178 *u-

243 3239 268 3305 ·)
291 3219 386 3294 cenet.
404 3249 436 3312 2,
455 3246 496 3310 ιι.
517 3207 560 3303 ιι.
613 3247 651 3312 ’ἐι
669 3215 776 3301 num.
