<?xml version="1.0" encoding="UTF-8"?>
<!DOCTYPE html PUBLIC "-//W3C//DTD XHTML 1.0 Transitional//EN"
    "http://www.w3.org/TR/xhtml1/DTD/xhtml1-transitional.dtd">
<html xmlns="http://www.w3.org/1999/xhtml" xml:lang="en" lang="en">
 <head>
  <title>
</title>
<meta http-equiv="Content-Type" content="text/html;charset=utf-8" />
  <meta name='ocr-system' content='tesseract 3.04.00' />
  <meta name='ocr-capabilities' content='ocr_page ocr_carea ocr_par ocr_line ocrx_word'/>
</head>
<body>
  <div class='ocr_page' id='page_1' title='image "./philojudaeusope03unkngoog_0643.png"; bbox 0 0 2360 3688; ppageno 0'>
   <div class='ocr_carea' id='block_1_1' title="bbox 179 77 1088 225">
    <p class='ocr_par' dir='ltr' id='par_1_1' title="bbox 179 77 1088 225">
     <span class='ocr_line' id='line_1_1' title="bbox 179 77 1088 225; baseline 0.01 -43"><span class='ocrx_word' id='word_1_1' title='bbox 179 87 253 194; x_wconf 73' lang='lat'>&#39;306</span> <span class='ocrx_word' id='word_1_2' title='bbox 272 77 374 184; x_wconf 79' lang='grc' dir='ltr'><strong>ιιιιι.</strong></span> <span class='ocrx_word' id='word_1_3' title='bbox 388 122 643 194; x_wconf 69' lang='lat' dir='ltr'><strong>tunonensi.</strong></span> <span class='ocrx_word' id='word_1_4' title='bbox 659 106 940 225; x_wconf 72' lang='lat' dir='ltr'><strong>mensumn.</strong></span> <span class='ocrx_word' id='word_1_5' title='bbox 954 124 978 205; x_wconf 70' lang='lat' dir='ltr'><strong>q.</strong></span> <span class='ocrx_word' id='word_1_6' title='bbox 994 99 1066 191; x_wconf 76' lang='lat' dir='ltr'><strong>aa.</strong></span> <span class='ocrx_word' id='word_1_7' title='bbox 1085 193 1088 200; x_wconf 81' lang='grc'>,</span> 
     </span>
    </p>
   </div>
   <div class='ocr_carea' id='block_1_2' title="bbox 95 281 1134 972">
    <p class='ocr_par' dir='ltr' id='par_1_2' title="bbox 95 281 1134 972">
     <span class='ocr_line' id='line_1_2' title="bbox 168 281 1112 362; baseline 0.003 -21"><span class='ocrx_word' id='word_1_8' title='bbox 168 281 331 362; x_wconf 69' lang='lat' dir='ltr'><strong>‚dprngulb</strong></span> <span class='ocrx_word' id='word_1_9' title='bbox 365 283 463 340; x_wconf 82' lang='lat' dir='ltr'><strong>onmia</strong></span> <span class='ocrx_word' id='word_1_10' title='bbox 489 281 577 338; x_wconf 89' lang='lat' dir='ltr'><strong>simul</strong></span> <span class='ocrx_word' id='word_1_11' title='bbox 604 281 734 340; x_wconf 78' lang='lat' dir='ltr'><strong>membra</strong></span> <span class='ocrx_word' id='word_1_12' title='bbox 763 283 881 340; x_wconf 89' lang='lat' dir='ltr'><strong>omnino</strong></span> <span class='ocrx_word' id='word_1_13' title='bbox 909 283 1003 362; x_wconf 80' lang='lat' dir='ltr'><strong>ligura</strong></span> <span class='ocrx_word' id='word_1_14' title='bbox 1037 303 1112 344; x_wconf 83' lang='lat' dir='ltr'><strong>can-</strong></span> 
     </span>
     <span class='ocr_line' id='line_1_3' title="bbox 188 365 1113 444; baseline 0 -18"><span class='ocrx_word' id='word_1_15' title='bbox 188 377 272 426; x_wconf 87' lang='lat' dir='ltr'><strong>tcxta</strong></span> <span class='ocrx_word' id='word_1_16' title='bbox 300 385 358 424; x_wconf 87' lang='lat' dir='ltr'><strong>una</strong></span> <span class='ocrx_word' id='word_1_17' title='bbox 388 385 453 426; x_wconf 89' lang='lat' dir='ltr'><strong>cum</strong></span> <span class='ocrx_word' id='word_1_18' title='bbox 482 365 670 443; x_wconf 51' lang='lat' dir='ltr'><strong>orbiculata„</strong></span> <span class='ocrx_word' id='word_1_19' title='bbox 693 365 796 424; x_wconf 80' lang='lat' dir='ltr'><strong>¹Tertio</strong></span> <span class='ocrx_word' id='word_1_20' title='bbox 826 368 938 444; x_wconf 76' lang='lat' dir='ltr'><strong>lignum</strong></span> <span class='ocrx_word' id='word_1_21' title='bbox 951 369 1113 441; x_wconf 83' lang='lat' dir='ltr'><strong>quadran·</strong></span> 
     </span>
     <span class='ocr_line' id='line_1_4' title="bbox 189 450 1124 530; baseline 0.004 -23"><span class='ocrx_word' id='word_1_22' title='bbox 189 452 289 530; x_wconf 79' lang='lat' dir='ltr'><strong>guium</strong></span> <span class='ocrx_word' id='word_1_23' title='bbox 318 452 441 524; x_wconf 85' lang='lat' dir='ltr'><strong>impares</strong></span> <span class='ocrx_word' id='word_1_24' title='bbox 469 450 531 506; x_wconf 88' lang='lat' dir='ltr'><strong>fere</strong></span> <span class='ocrx_word' id='word_1_25' title='bbox 555 450 654 530; x_wconf 84' lang='lat' dir='ltr'><strong>omn‘es</strong></span> <span class='ocrx_word' id='word_1_26' title='bbox 676 469 745 524; x_wconf 83' lang='lat' dir='ltr'><strong>prae</strong></span> <span class='ocrx_word' id='word_1_27' title='bbox 767 471 799 508; x_wconf 87' lang='lat' dir='ltr'><strong>sa</strong></span> <span class='ocrx_word' id='word_1_28' title='bbox 820 451 879 508; x_wconf 82' lang='lat' dir='ltr'><strong>fer-t</strong></span> <span class='ocrx_word' id='word_1_29' title='bbox 901 453 1124 512; x_wconf 85' lang='lat' dir='ltr'><strong>distinctiones-</strong></span> 
     </span>
     <span class='ocr_line' id='line_1_5' title="bbox 188 535 1134 614; baseline 0.004 -24"><span class='ocrx_word' id='word_1_30' title='bbox 188 536 219 592; x_wconf 95' lang='lat' dir='ltr'><strong>in</strong></span> <span class='ocrx_word' id='word_1_31' title='bbox 247 553 299 592; x_wconf 86' lang='lat' dir='ltr'><strong>sua</strong></span> <span class='ocrx_word' id='word_1_32' title='bbox 330 535 517 604; x_wconf 81' lang='lat' dir='ltr'><strong>extensione3</strong></span> <span class='ocrx_word' id='word_1_33' title='bbox 549 550 636 608; x_wconf 88' lang='lat' dir='ltr'><strong>quum</strong></span> <span class='ocrx_word' id='word_1_34' title='bbox 661 536 813 614; x_wconf 83' lang='lat' dir='ltr'>longitudo</span> <span class='ocrx_word' id='word_1_35' title='bbox 837 537 989 592; x_wconf 89' lang='lat' dir='ltr'><strong>latitudine</strong></span> <span class='ocrx_word' id='word_1_36' title='bbox 1012 539 1134 594; x_wconf 65' lang='lat' dir='ltr'><strong>nraior=</strong></span> 
     </span>
     <span class='ocr_line' id='line_1_6' title="bbox 188 615 1109 694; baseline 0.002 -18"><span class='ocrx_word' id='word_1_37' title='bbox 188 619 227 692; x_wconf 74' lang='lat' dir='ltr'><strong>sit</strong></span> <span class='ocrx_word' id='word_1_38' title='bbox 257 628 289 676; x_wconf 78' lang='lat' dir='ltr'><strong>et</strong></span> <span class='ocrx_word' id='word_1_39' title='bbox 309 619 432 674; x_wconf 89' lang='lat' dir='ltr'><strong>latitudo</strong></span> <span class='ocrx_word' id='word_1_40' title='bbox 454 617 661 692; x_wconf 75' lang='lat' dir='ltr'><strong>profunditate.</strong></span> <span class='ocrx_word' id='word_1_41' title='bbox 706 615 785 676; x_wconf 84' lang='lat' dir='ltr'><strong>Talis</strong></span> <span class='ocrx_word' id='word_1_42' title='bbox 807 629 851 676; x_wconf 90' lang='lat' dir='ltr'><strong>est</strong></span> <span class='ocrx_word' id='word_1_43' title='bbox 873 629 903 675; x_wconf 91' lang='lat' dir='ltr'><strong>ct</strong></span> <span class='ocrx_word' id='word_1_44' title='bbox 923 623 1017 677; x_wconf 81' lang='lat' dir='ltr'><strong>nostri</strong></span> <span class='ocrx_word' id='word_1_45' title='bbox 1039 639 1109 694; x_wconf 81' lang='lat' dir='ltr'><strong>cor-</strong></span> 
     </span>
     <span class='ocr_line' id='line_1_7' title="bbox 188 703 1108 782; baseline 0.004 -25"><span class='ocrx_word' id='word_1_46' title='bbox 188 703 266 777; x_wconf 87' lang='lat' dir='ltr'><strong>poris</strong></span> <span class='ocrx_word' id='word_1_47' title='bbox 297 712 469 774; x_wconf 86' lang='lat' dir='ltr'><strong>apparatus,</strong></span> <span class='ocrx_word' id='word_1_48' title='bbox 499 703 673 774; x_wconf 87' lang='lat' dir='ltr'><strong>compositus</strong></span> <span class='ocrx_word' id='word_1_49' title='bbox 697 705 870 778; x_wconf 72' lang='lat' dir='ltr'><strong>extensione</strong></span> <span class='ocrx_word' id='word_1_50' title='bbox 887 722 1014 782; x_wconf 80' lang='lat' dir='ltr'><strong>magna,</strong></span> <span class='ocrx_word' id='word_1_51' title='bbox 1043 725 1108 761; x_wconf 92' lang='lat' dir='ltr'><strong>me-</strong></span> 
     </span>
     <span class='ocr_line' id='line_1_8' title="bbox 187 786 1105 870; baseline 0.005 -28"><span class='ocrx_word' id='word_1_52' title='bbox 187 786 251 856; x_wconf 76' lang='lat' dir='ltr'><strong>dia,</strong></span> <span class='ocrx_word' id='word_1_53' title='bbox 273 787 396 862; x_wconf 81' lang='lat' dir='ltr'><strong>exigua:</strong></span> <span class='ocrx_word' id='word_1_54' title='bbox 428 802 534 862; x_wconf 80' lang='lat' dir='ltr'><strong>magna</strong></span> <span class='ocrx_word' id='word_1_55' title='bbox 556 786 966 866; x_wconf 78' lang='lat' dir='ltr'><strong>secundumlongitudinem‚</strong></span> <span class='ocrx_word' id='word_1_56' title='bbox 996 790 1105 870; x_wconf 82' lang='lat' dir='ltr'><strong>exigua</strong></span> 
     </span>
     <span class='ocr_line' id='line_1_9' title="bbox 95 868 603 944; baseline 0.006 -18"><span class='ocrx_word' id='word_1_57' title='bbox 95 901 103 916; x_wconf 76' lang='lat'>=</span> <span class='ocrx_word' id='word_1_58' title='bbox 186 868 343 926; x_wconf 89' lang='lat' dir='ltr'><strong>secundum</strong></span> <span class='ocrx_word' id='word_1_59' title='bbox 365 869 603 944; x_wconf 87' lang='lat' dir='ltr'><strong>profunditatem.</strong></span> 
     </span>
     <span class='ocr_line' id='line_1_10' title="bbox 249 948 262 972; baseline 0 0"><span class='ocrx_word' id='word_1_60' title='bbox 249 948 262 972; x_wconf 70' lang='grc'><strong>’1</strong></span> 
     </span>
    </p>
   </div>
   <div class='ocr_carea' id='block_1_3' title="bbox 78 1011 953 1106">
    <p class='ocr_par' dir='ltr' id='par_1_3' title="bbox 78 1011 953 1106">
     <span class='ocr_line' id='line_1_11' title="bbox 78 1011 953 1106; baseline -0.001 -28"><span class='ocrx_word' id='word_1_61' title='bbox 78 1085 85 1100; x_wconf 47' lang='lat'><strong>·</strong></span> <span class='ocrx_word' id='word_1_62' title='bbox 190 1011 295 1092; x_wconf 71' lang='lat' dir='ltr'><strong>Quare</strong></span> <span class='ocrx_word' id='word_1_63' title='bbox 316 1021 408 1080; x_wconf 83' lang='lat' dir='ltr'><strong>dt&#39;ot&#39;t:</strong></span> <span class='ocrx_word' id='word_1_64' title='bbox 431 1017 525 1106; x_wconf 61' lang='lat' dir='ltr'><strong>Nidus</strong></span> <span class='ocrx_word' id='word_1_65' title='bbox 546 1021 632 1080; x_wconf 77' lang='lat' dir='ltr'><strong>nidos</strong></span> <span class='ocrx_word' id='word_1_66' title='bbox 647 1021 755 1094; x_wconf 72' lang='lat' dir='ltr'><strong>facies</strong></span> <span class='ocrx_word' id='word_1_67' title='bbox 778 1019 906 1080; x_wconf 80' lang='lat' dir='ltr'><strong>arcam?</strong></span> <span class='ocrx_word' id='word_1_68' title='bbox 923 1017 953 1098; x_wconf 86' lang='lat'><strong>*)</strong></span> 
     </span>
    </p>
   </div>
   <div class='ocr_carea' id='block_1_4' title="bbox 47 1135 1168 3140">
    <p class='ocr_par' dir='ltr' id='par_1_4' title="bbox 185 1135 1168 1576">
     <span class='ocr_line' id='line_1_12' title="bbox 269 1135 1103 1218; baseline -0.001 -20"><span class='ocrx_word' id='word_1_69' title='bbox 269 1135 294 1216; x_wconf 69' lang='lat' dir='ltr'><strong>b.</strong></span> <span class='ocrx_word' id='word_1_70' title='bbox 317 1140 346 1198; x_wconf 83' lang='lat'><strong>3.</strong></span> <span class='ocrx_word' id='word_1_71' title='bbox 388 1136 480 1198; x_wconf 87' lang='lat' dir='ltr'><strong>Valde</strong></span> <span class='ocrx_word' id='word_1_72' title='bbox 509 1135 699 1218; x_wconf 83' lang='lat' dir='ltr'><strong>naturaliter3</strong></span> <span class='ocrx_word' id='word_1_73' title='bbox 731 1157 804 1198; x_wconf 85' lang='lat' dir='ltr'><strong>nom·</strong></span> <span class='ocrx_word' id='word_1_74' title='bbox 818 1138 975 1197; x_wconf 86' lang='lat' dir='ltr'><strong>humanum</strong></span> <span class='ocrx_word' id='word_1_75' title='bbox 998 1157 1103 1214; x_wconf 91' lang='lat' dir='ltr'><strong>eorpus</strong></span> 
     </span>
     <span class='ocr_line' id='line_1_13' title="bbox 187 1221 1168 1296; baseline 0 -16"><span class='ocrx_word' id='word_1_76' title='bbox 187 1221 377 1280; x_wconf 77' lang='lat' dir='ltr'><strong>foraminibus</strong></span> <span class='ocrx_word' id='word_1_77' title='bbox 412 1232 457 1278; x_wconf 89' lang='lat' dir='ltr'><strong>est</strong></span> <span class='ocrx_word' id='word_1_78' title='bbox 484 1221 640 1280; x_wconf 84' lang='lat' dir='ltr'><strong>formatum</strong></span> <span class='ocrx_word' id='word_1_79' title='bbox 666 1223 804 1280; x_wconf 80' lang='lat' dir='ltr'><strong>nidorum</strong></span> <span class='ocrx_word' id='word_1_80' title='bbox 832 1224 939 1282; x_wconf 84' lang='lat' dir='ltr'><strong>instar:</strong></span> <span class='ocrx_word' id='word_1_81' title='bbox 978 1238 1103 1295; x_wconf 88' lang='lat' dir='ltr'><strong>quorum</strong></span> <span class='ocrx_word' id='word_1_82' title='bbox 1167 1269 1168 1296; x_wconf 34' lang='lat' dir='ltr'><strong>p</strong></span> 
     </span>
     <span class='ocr_line' id='line_1_14' title="bbox 186 1297 1168 1384; baseline 0.002 -21"><span class='ocrx_word' id='word_1_83' title='bbox 186 1307 411 1380; x_wconf 84' lang='lat' dir='ltr'><strong>unumquodque</strong></span> <span class='ocrx_word' id='word_1_84' title='bbox 432 1307 574 1380; x_wconf 91' lang='lat' dir='ltr'><strong>pullorum</strong></span> <span class='ocrx_word' id='word_1_85' title='bbox 597 1325 678 1364; x_wconf 85' lang='lat' dir='ltr'><strong>more</strong></span> <span class='ocrx_word' id='word_1_86' title='bbox 700 1308 846 1378; x_wconf 87' lang='lat' dir='ltr'><strong>nutritur,</strong></span> <span class='ocrx_word' id='word_1_87' title='bbox 867 1308 992 1379; x_wconf 87' lang='lat' dir='ltr'><strong>spiritali</strong></span> <span class='ocrx_word' id='word_1_88' title='bbox 1013 1309 1044 1364; x_wconf 89' lang='lat' dir='ltr'><strong>vi</strong></span> <span class='ocrx_word' id='word_1_89' title='bbox 1066 1308 1102 1365; x_wconf 89' lang='lat' dir='ltr'><strong>ab</strong></span> <span class='ocrx_word' id='word_1_90' title='bbox 1167 1297 1168 1384; x_wconf 75' lang='lat' dir='ltr'><strong>l</strong></span> 
     </span>
     <span class='ocr_line' id='line_1_15' title="bbox 185 1390 1168 1468; baseline 0.002 -22"><span class='ocrx_word' id='word_1_91' title='bbox 185 1391 248 1464; x_wconf 84' lang='lat' dir='ltr'><strong>ipsa</strong></span> <span class='ocrx_word' id='word_1_92' title='bbox 275 1390 389 1468; x_wconf 85' lang='lat' dir='ltr'><strong>origine</strong></span> <span class='ocrx_word' id='word_1_93' title='bbox 411 1391 442 1446; x_wconf 93' lang='lat' dir='ltr'><strong>in</strong></span> <span class='ocrx_word' id='word_1_94' title='bbox 464 1396 500 1446; x_wconf 77' lang='lat' dir='ltr'><strong>ca</strong></span> <span class='ocrx_word' id='word_1_95' title='bbox 520 1399 712 1463; x_wconf 77' lang='lat' dir='ltr'><strong>penetrante:</strong></span> <span class='ocrx_word' id='word_1_96' title='bbox 741 1399 773 1448; x_wconf 88' lang='lat' dir='ltr'><strong>ut</strong></span> <span class='ocrx_word' id='word_1_97' title='bbox 795 1390 938 1448; x_wconf 81' lang='lat' dir='ltr'><strong>foramina</strong></span> <span class='ocrx_word' id='word_1_98' title='bbox 960 1391 1103 1465; x_wconf 88' lang='lat' dir='ltr'><strong>quaedam</strong></span> <span class='ocrx_word' id='word_1_99' title='bbox 1167 1431 1168 1456; x_wconf 49' lang='lat' dir='ltr'><strong>t</strong></span> 
     </span>
     <span class='ocr_line' id='line_1_16' title="bbox 185 1470 1104 1548; baseline 0.002 -18"><span class='ocrx_word' id='word_1_100' title='bbox 185 1491 220 1530; x_wconf 90' lang='lat' dir='ltr'><strong>ac</strong></span> <span class='ocrx_word' id='word_1_101' title='bbox 250 1474 311 1530; x_wconf 90' lang='lat' dir='ltr'><strong>nidi</strong></span> <span class='ocrx_word' id='word_1_102' title='bbox 342 1483 410 1535; x_wconf 63' lang='lat' dir='ltr'><strong>flunt</strong></span> <span class='ocrx_word' id='word_1_103' title='bbox 441 1473 536 1546; x_wconf 87' lang='lat' dir='ltr'><strong>oculi,</strong></span> <span class='ocrx_word' id='word_1_104' title='bbox 565 1474 597 1529; x_wconf 91' lang='lat' dir='ltr'><strong>in</strong></span> <span class='ocrx_word' id='word_1_105' title='bbox 627 1473 730 1548; x_wconf 84' lang='lat' dir='ltr'><strong>quibua</strong></span> <span class='ocrx_word' id='word_1_106' title='bbox 762 1473 861 1530; x_wconf 89' lang='lat' dir='ltr'><strong>sedem</strong></span> <span class='ocrx_word' id='word_1_107' title='bbox 893 1470 981 1530; x_wconf 91' lang='lat' dir='ltr'><strong>habet</strong></span> <span class='ocrx_word' id='word_1_108' title='bbox 1013 1475 1104 1532; x_wconf 84' lang='lat' dir='ltr'><strong>visus.</strong></span> 
     </span>
    </p>

    <p class='ocr_par' dir='ltr' id='par_1_5' title="bbox 141 1555 1168 1804">
     <span class='ocr_line' id='line_1_17' title="bbox 141 1555 1168 1638; baseline 0 -22"><span class='ocrx_word' id='word_1_109' title='bbox 141 1627 144 1631; x_wconf 35' lang='grc'><strong>,</strong></span> <span class='ocrx_word' id='word_1_110' title='bbox 184 1557 244 1616; x_wconf 82' lang='lat' dir='ltr'><strong>Alii</strong></span> <span class='ocrx_word' id='word_1_111' title='bbox 272 1557 334 1626; x_wconf 81' lang='lat' dir='ltr'><strong>nidi</strong></span> <span class='ocrx_word' id='word_1_112' title='bbox 362 1575 463 1629; x_wconf 80' lang='lat' dir='ltr'><strong>aures,</strong></span> <span class='ocrx_word' id='word_1_113' title='bbox 494 1559 527 1613; x_wconf 92' lang='lat' dir='ltr'><strong>in</strong></span> <span class='ocrx_word' id='word_1_114' title='bbox 557 1556 660 1631; x_wconf 82' lang='lat' dir='ltr'><strong>quibua</strong></span> <span class='ocrx_word' id='word_1_115' title='bbox 691 1557 799 1616; x_wconf 88' lang='lat' dir='ltr'><strong>insidet</strong></span> <span class='ocrx_word' id='word_1_116' title='bbox 829 1557 956 1614; x_wconf 76' lang='lat' dir='ltr'><strong>auditus</strong></span> <span class='ocrx_word' id='word_1_117' title='bbox 1007 1555 1103 1616; x_wconf 89' lang='lat' dir='ltr'><strong>Tertii</strong></span> <span class='ocrx_word' id='word_1_118' title='bbox 1167 1609 1168 1638; x_wconf 25' lang='grc' dir='ltr'>ἦ</span> 
     </span>
     <span class='ocr_line' id='line_1_18' title="bbox 185 1639 1168 1717; baseline 0.001 -19"><span class='ocrx_word' id='word_1_119' title='bbox 185 1639 248 1698; x_wconf 88' lang='lat' dir='ltr'><strong>nidi</strong></span> <span class='ocrx_word' id='word_1_120' title='bbox 276 1657 380 1716; x_wconf 86' lang='lat' dir='ltr'><strong>nares,</strong></span> <span class='ocrx_word' id='word_1_121' title='bbox 408 1643 439 1700; x_wconf 89' lang='lat' dir='ltr'><strong>in</strong></span> <span class='ocrx_word' id='word_1_122' title='bbox 459 1641 563 1717; x_wconf 82' lang='lat' dir='ltr'><strong>quibua</strong></span> <span class='ocrx_word' id='word_1_123' title='bbox 585 1642 660 1698; x_wconf 85' lang='lat' dir='ltr'><strong>latet</strong></span> <span class='ocrx_word' id='word_1_124' title='bbox 678 1641 823 1698; x_wconf 84' lang='lat' dir='ltr'><strong>odoratus.</strong></span> <span class='ocrx_word' id='word_1_125' title='bbox 867 1642 993 1707; x_wconf 79' lang='lat' dir='ltr'><strong>Quartus</strong></span> <span class='ocrx_word' id='word_1_126' title='bbox 1015 1642 1101 1700; x_wconf 91' lang='lat' dir='ltr'><strong>nidus</strong></span> <span class='ocrx_word' id='word_1_127' title='bbox 1167 1645 1168 1706; x_wconf 80' lang='lat' dir='ltr'><strong>l</strong></span> 
     </span>
     <span class='ocr_line' id='line_1_19' title="bbox 185 1725 1168 1804; baseline 0.004 -26"><span class='ocrx_word' id='word_1_128' title='bbox 185 1725 378 1782; x_wconf 77' lang='lat' dir='ltr'><strong>anterioribus</strong></span> <span class='ocrx_word' id='word_1_129' title='bbox 401 1726 492 1782; x_wconf 89' lang='lat' dir='ltr'><strong>maior</strong></span> <span class='ocrx_word' id='word_1_130' title='bbox 513 1743 562 1796; x_wconf 85' lang='lat' dir='ltr'><strong>os,</strong></span> <span class='ocrx_word' id='word_1_131' title='bbox 588 1726 618 1782; x_wconf 91' lang='lat' dir='ltr'><strong>in</strong></span> <span class='ocrx_word' id='word_1_132' title='bbox 643 1741 700 1798; x_wconf 88' lang='lat' dir='ltr'><strong>quo</strong></span> <span class='ocrx_word' id='word_1_133' title='bbox 714 1726 823 1782; x_wconf 90' lang='lat' dir='ltr'><strong>residet</strong></span> <span class='ocrx_word' id='word_1_134' title='bbox 836 1736 955 1801; x_wconf 86' lang='lat' dir='ltr'><strong>gustus:</strong></span> <span class='ocrx_word' id='word_1_135' title='bbox 977 1744 1101 1804; x_wconf 82' lang='lat' dir='ltr'><strong>magnus</strong></span> <span class='ocrx_word' id='word_1_136' title='bbox 1167 1725 1168 1796; x_wconf 74' lang='lat' dir='ltr'><strong>l</strong></span> 
     </span>
    </p>

    <p class='ocr_par' dir='ltr' id='par_1_6' title="bbox 160 1797 1168 1970">
     <span class='ocr_line' id='line_1_20' title="bbox 160 1797 1168 1882; baseline 0.006 -20"><span class='ocrx_word' id='word_1_137' title='bbox 160 1817 162 1822; x_wconf 88' lang='grc'><strong>’</strong></span> <span class='ocrx_word' id='word_1_138' title='bbox 185 1818 282 1866; x_wconf 85' lang='lat' dir='ltr'><strong>autern</strong></span> <span class='ocrx_word' id='word_1_139' title='bbox 303 1809 397 1868; x_wconf 90' lang='lat' dir='ltr'><strong>factus</strong></span> <span class='ocrx_word' id='word_1_140' title='bbox 419 1819 481 1878; x_wconf 87' lang='lat' dir='ltr'><strong>est,</strong></span> <span class='ocrx_word' id='word_1_141' title='bbox 503 1811 638 1882; x_wconf 89' lang='lat' dir='ltr'><strong>quoniam</strong></span> <span class='ocrx_word' id='word_1_142' title='bbox 662 1819 692 1866; x_wconf 93' lang='lat' dir='ltr'><strong>et</strong></span> <span class='ocrx_word' id='word_1_143' title='bbox 713 1810 790 1866; x_wconf 88' lang='lat' dir='ltr'><strong>aliud</strong></span> <span class='ocrx_word' id='word_1_144' title='bbox 809 1809 901 1864; x_wconf 86' lang='lat' dir='ltr'><strong>maius</strong></span> <span class='ocrx_word' id='word_1_145' title='bbox 922 1810 1101 1868; x_wconf 84' lang='lat' dir='ltr'><strong>instrumen·</strong></span> <span class='ocrx_word' id='word_1_146' title='bbox 1167 1797 1168 1882; x_wconf 65' lang='lat' dir='ltr'><strong>l</strong></span> 
     </span>
     <span class='ocr_line' id='line_1_21' title="bbox 184 1892 1168 1970; baseline 0.002 -22"><span class='ocrx_word' id='word_1_147' title='bbox 184 1899 247 1950; x_wconf 90' lang='lat' dir='ltr'><strong>tum</strong></span> <span class='ocrx_word' id='word_1_148' title='bbox 276 1894 355 1949; x_wconf 85' lang='lat' dir='ltr'><strong>vocis</strong></span> <span class='ocrx_word' id='word_1_149' title='bbox 377 1893 552 1968; x_wconf 73' lang='lat' dir='ltr'><strong>articulatae</strong></span> <span class='ocrx_word' id='word_1_150' title='bbox 572 1893 672 1950; x_wconf 84' lang='lat' dir='ltr'><strong>latitat</strong></span> <span class='ocrx_word' id='word_1_151' title='bbox 692 1892 723 1948; x_wconf 89' lang='lat' dir='ltr'><strong>in</strong></span> <span class='ocrx_word' id='word_1_152' title='bbox 743 1911 795 1963; x_wconf 86' lang='lat' dir='ltr'><strong>eo,</strong></span> <span class='ocrx_word' id='word_1_153' title='bbox 821 1894 922 1970; x_wconf 81' lang='lat' dir='ltr'><strong>lingua</strong></span> <span class='ocrx_word' id='word_1_154' title='bbox 943 1893 1101 1964; x_wconf 83' lang='lat' dir='ltr'><strong>videlicet3</strong></span> <span class='ocrx_word' id='word_1_155' title='bbox 1167 1903 1168 1910; x_wconf 76' lang='grc'>’</span> 
     </span>
    </p>

    <p class='ocr_par' dir='ltr' id='par_1_7' title="bbox 107 1949 1168 2072">
     <span class='ocr_line' id='line_1_22' title="bbox 107 1949 1168 2072; baseline 0 -40"><span class='ocrx_word' id='word_1_156' title='bbox 107 2025 110 2032; x_wconf 94' lang='grc'><em>,</em></span> <span class='ocrx_word' id='word_1_157' title='bbox 138 1999 140 2002; x_wconf 95' lang='grc'><strong><em>·</em></strong></span> <span class='ocrx_word' id='word_1_158' title='bbox 185 1991 278 2050; x_wconf 83' lang='lat' dir='ltr'><strong>quae,</strong></span> <span class='ocrx_word' id='word_1_159' title='bbox 306 1985 338 2032; x_wconf 89' lang='lat' dir='ltr'><strong>ut</strong></span> <span class='ocrx_word' id='word_1_160' title='bbox 360 1971 496 2032; x_wconf 75' lang='lat' dir='ltr'><strong>Socratas</strong></span> <span class='ocrx_word' id='word_1_161' title='bbox 526 1975 639 2046; x_wconf 83' lang='lat' dir='ltr'><strong>aicbat,</strong></span> <span class='ocrx_word' id='word_1_162' title='bbox 668 1974 724 2032; x_wconf 89' lang='lat' dir='ltr'><strong>hue</strong></span> <span class='ocrx_word' id='word_1_163' title='bbox 753 1977 823 2032; x_wconf 90' lang='lat' dir='ltr'><strong>illuc</strong></span> <span class='ocrx_word' id='word_1_164' title='bbox 851 1976 931 2034; x_wconf 88' lang='lat' dir='ltr'><strong>varie</strong></span> <span class='ocrx_word' id='word_1_165' title='bbox 959 1977 1101 2064; x_wconf 72' lang='lat' dir='ltr'><strong>pulsqudo</strong></span> <span class='ocrx_word' id='word_1_166' title='bbox 1165 1949 1168 2072; x_wconf 61' lang='grc'><strong>4</strong></span> 
     </span>
    </p>

    <p class='ocr_par' dir='ltr' id='par_1_8' title="bbox 83 2052 1168 2140">
     <span class='ocr_line' id='line_1_23' title="bbox 83 2052 1168 2140; baseline 0.003 -26"><span class='ocrx_word' id='word_1_167' title='bbox 83 2071 86 2078; x_wconf 92' lang='grc'><strong>’</strong></span> <span class='ocrx_word' id='word_1_168' title='bbox 162 2052 164 2058; x_wconf 62' lang='lat'><em>&#39;</em></span> <span class='ocrx_word' id='word_1_169' title='bbox 184 2058 391 2136; x_wconf 81' lang='lat' dir='ltr'><strong>tangentiaque</strong></span> <span class='ocrx_word' id='word_1_170' title='bbox 412 2057 582 2116; x_wconf 87' lang='lat' dir='ltr'><strong>vocabulum</strong></span> <span class='ocrx_word' id='word_1_171' title='bbox 605 2061 753 2132; x_wconf 82' lang='lat' dir='ltr'><strong>componit</strong></span> <span class='ocrx_word' id='word_1_172' title='bbox 767 2077 802 2118; x_wconf 89' lang='lat' dir='ltr'><strong>ac</strong></span> <span class='ocrx_word' id='word_1_173' title='bbox 818 2060 937 2132; x_wconf 67' lang='lat' dir='ltr'><strong>format,</strong></span> <span class='ocrx_word' id='word_1_174' title='bbox 957 2061 1103 2130; x_wconf 83' lang='lat' dir='ltr'><strong>rationale</strong></span> <span class='ocrx_word' id='word_1_175' title='bbox 1167 2111 1168 2140; x_wconf 27' lang='lat' dir='ltr'><strong>p</strong></span> 
     </span>
    </p>

    <p class='ocr_par' dir='ltr' id='par_1_9' title="bbox 47 2139 1168 2388">
     <span class='ocr_line' id='line_1_24' title="bbox 184 2139 1168 2221; baseline 0.002 -21"><span class='ocrx_word' id='word_1_176' title='bbox 184 2142 317 2218; x_wconf 89' lang='lat' dir='ltr'><strong>profecto</strong></span> <span class='ocrx_word' id='word_1_177' title='bbox 332 2144 558 2212; x_wconf 82' lang='lat' dir='ltr'><strong>instrumentum</strong></span> <span class='ocrx_word' id='word_1_178' title='bbox 573 2143 778 2217; x_wconf 79' lang='lat' dir='ltr'><strong>exsistena&#39;**).</strong></span> <span class='ocrx_word' id='word_1_179' title='bbox 805 2143 886 2200; x_wconf 86' lang='lat' dir='ltr'><strong>Alius</strong></span> <span class='ocrx_word' id='word_1_180' title='bbox 902 2159 971 2200; x_wconf 84' lang='lat' dir='ltr'><strong>vcro</strong></span> <span class='ocrx_word' id='word_1_181' title='bbox 986 2139 1102 2221; x_wconf 88' lang='lat' dir='ltr'><strong>(nidus)</strong></span> <span class='ocrx_word' id='word_1_182' title='bbox 1167 2147 1168 2212; x_wconf 74' lang='lat' dir='ltr'><strong>l</strong></span> 
     </span>
     <span class='ocr_line' id='line_1_25' title="bbox 47 2217 1168 2308; baseline -0.001 -24"><span class='ocrx_word' id='word_1_183' title='bbox 47 2217 56 2236; x_wconf 74' lang='lat'>⁸</span> <span class='ocrx_word' id='word_1_184' title='bbox 129 2272 132 2278; x_wconf 92' lang='lat'>.</span> <span class='ocrx_word' id='word_1_185' title='bbox 184 2226 237 2284; x_wconf 89' lang='lat' dir='ltr'><strong>sub</strong></span> <span class='ocrx_word' id='word_1_186' title='bbox 269 2230 385 2286; x_wconf 87' lang='lat' dir='ltr'><strong>cranio:</strong></span> <span class='ocrx_word' id='word_1_187' title='bbox 419 2243 550 2301; x_wconf 88' lang='lat' dir='ltr'><strong>quaeque</strong></span> <span class='ocrx_word' id='word_1_188' title='bbox 579 2221 747 2284; x_wconf 86' lang='lat' dir='ltr'><strong>membrana</strong></span> <span class='ocrx_word' id='word_1_189' title='bbox 775 2225 889 2286; x_wconf 84' lang='lat' dir='ltr'><strong>cerebri</strong></span> <span class='ocrx_word' id='word_1_190' title='bbox 908 2237 1103 2300; x_wconf 81' lang='lat' dir='ltr'><strong>nuncupatur,</strong></span> <span class='ocrx_word' id='word_1_191' title='bbox 1167 2223 1168 2308; x_wconf 62' lang='lat' dir='ltr'><strong>i</strong></span> 
     </span>
     <span class='ocr_line' id='line_1_26' title="bbox 186 2311 1168 2388; baseline -0.002 -20"><span class='ocrx_word' id='word_1_192' title='bbox 186 2311 272 2368; x_wconf 89' lang='lat' dir='ltr'><strong>nidus</strong></span> <span class='ocrx_word' id='word_1_193' title='bbox 295 2313 400 2386; x_wconf 86' lang='lat' dir='ltr'><strong>aliquis</strong></span> <span class='ocrx_word' id='word_1_194' title='bbox 422 2312 533 2388; x_wconf 79' lang='lat' dir='ltr'><strong>ingenii</strong></span> <span class='ocrx_word' id='word_1_195' title='bbox 552 2322 606 2368; x_wconf 85' lang='lat' dir='ltr'><strong>est.</strong></span> <span class='ocrx_word' id='word_1_196' title='bbox 649 2311 733 2370; x_wconf 84' lang='lat' dir='ltr'><strong>Sicut</strong></span> <span class='ocrx_word' id='word_1_197' title='bbox 756 2320 927 2384; x_wconf 81' lang='lat' dir='ltr'><strong>otpertus,</strong></span> <span class='ocrx_word' id='word_1_198' title='bbox 958 2311 1102 2384; x_wconf 79' lang='lat' dir='ltr'><strong>pulmonis</strong></span> <span class='ocrx_word' id='word_1_199' title='bbox 1167 2313 1168 2382; x_wconf 73' lang='lat' dir='ltr'><strong>i</strong></span> 
     </span>
    </p>

    <p class='ocr_par' dir='ltr' id='par_1_10' title="bbox 124 2389 1168 2478">
     <span class='ocr_line' id='line_1_27' title="bbox 124 2395 1168 2478; baseline 0.002 -29"><span class='ocrx_word' id='word_1_200' title='bbox 124 2443 126 2449; x_wconf 80' lang='grc'>,</span> <span class='ocrx_word' id='word_1_201' title='bbox 185 2404 216 2450; x_wconf 86' lang='lat' dir='ltr'><strong>et</strong></span> <span class='ocrx_word' id='word_1_202' title='bbox 238 2395 350 2452; x_wconf 88' lang='lat' dir='ltr'><strong>cordis:</strong></span> <span class='ocrx_word' id='word_1_203' title='bbox 387 2403 417 2450; x_wconf 91' lang='lat' dir='ltr'><strong>et</strong></span> <span class='ocrx_word' id='word_1_204' title='bbox 438 2395 525 2452; x_wconf 85' lang='lat' dir='ltr'><strong>anrbo</strong></span> <span class='ocrx_word' id='word_1_205' title='bbox 545 2395 601 2452; x_wconf 90' lang='lat' dir='ltr'><strong>ista</strong></span> <span class='ocrx_word' id='word_1_206' title='bbox 622 2397 1012 2453; x_wconf 86' lang='lat' dir='ltr'><strong>intestinorumeeterorum</strong></span> <span class='ocrx_word' id='word_1_207' title='bbox 1032 2403 1103 2451; x_wconf 88' lang='lat' dir='ltr'><strong>sunt</strong></span> <span class='ocrx_word' id='word_1_208' title='bbox 1167 2411 1168 2478; x_wconf 63' lang='lat' dir='ltr'><strong>p</strong></span> 
     </span>
    </p>

    <p class='ocr_par' dir='ltr' id='par_1_11' title="bbox 183 2479 1168 2554">
     <span class='ocr_line' id='line_1_28' title="bbox 183 2479 1168 2554; baseline -0.003 -17"><span class='ocrx_word' id='word_1_209' title='bbox 183 2481 384 2552; x_wconf 84' lang='lat' dir='ltr'><strong>receptacula3</strong></span> <span class='ocrx_word' id='word_1_210' title='bbox 405 2480 623 2551; x_wconf 79' lang='lat' dir='ltr'><strong>respirationis,</strong></span> <span class='ocrx_word' id='word_1_211' title='bbox 645 2481 809 2552; x_wconf 82' lang='lat' dir='ltr'><strong>pulmones3</strong></span> <span class='ocrx_word' id='word_1_212' title='bbox 833 2487 862 2534; x_wconf 90' lang='lat' dir='ltr'><strong>et</strong></span> <span class='ocrx_word' id='word_1_213' title='bbox 883 2479 1034 2554; x_wconf 80' lang='lat' dir='ltr'><strong>sanguinis</strong></span> <span class='ocrx_word' id='word_1_214' title='bbox 1055 2487 1102 2534; x_wconf 89' lang='lat' dir='ltr'><strong>at·</strong></span> <span class='ocrx_word' id='word_1_215' title='bbox 1167 2479 1168 2516; x_wconf 70' lang='grc' dir='ltr'><strong>ἓ</strong></span> 
     </span>
    </p>

    <p class='ocr_par' dir='ltr' id='par_1_12' title="bbox 184 2548 1136 2636">
     <span class='ocr_line' id='line_1_29' title="bbox 184 2548 1136 2636; baseline 0.005 -18"><span class='ocrx_word' id='word_1_216' title='bbox 184 2577 242 2636; x_wconf 86' lang='lat' dir='ltr'><strong>quc</strong></span> <span class='ocrx_word' id='word_1_217' title='bbox 273 2563 489 2635; x_wconf 83' lang='lat' dir='ltr'><strong>respirationis,</strong></span> <span class='ocrx_word' id='word_1_218' title='bbox 520 2581 578 2618; x_wconf 90' lang='lat' dir='ltr'><strong>cor.</strong></span> <span class='ocrx_word' id='word_1_219' title='bbox 621 2548 702 2619; x_wconf 82' lang='lat' dir='ltr'><strong>Duos</strong></span> <span class='ocrx_word' id='word_1_220' title='bbox 725 2563 802 2618; x_wconf 86' lang='lat' dir='ltr'><strong>enirn</strong></span> <span class='ocrx_word' id='word_1_221' title='bbox 822 2561 910 2618; x_wconf 82' lang='lat' dir='ltr'><strong>habet</strong></span> <span class='ocrx_word' id='word_1_222' title='bbox 931 2572 1053 2620; x_wconf 80' lang='lat' dir='ltr'><strong>ventres</strong></span> <span class='ocrx_word' id='word_1_223' title='bbox 1066 2561 1136 2623; x_wconf 80' lang='grc' dir='ltr'><strong>Ῥ.Α.</strong></span> 
     </span>
    </p>

    <p class='ocr_par' dir='ltr' id='par_1_13' title="bbox 173 2639 1137 2720">
     <span class='ocr_line' id='line_1_30' title="bbox 173 2639 1137 2720; baseline 0.003 -18"><span class='ocrx_word' id='word_1_224' title='bbox 173 2639 332 2718; x_wconf 72' lang='lat' dir='ltr'><strong>‘tamquam</strong></span> <span class='ocrx_word' id='word_1_225' title='bbox 355 2646 437 2702; x_wconf 85' lang='lat' dir='ltr'><strong>nidos</strong></span> <span class='ocrx_word' id='word_1_226' title='bbox 460 2645 598 2720; x_wconf 88' lang='lat' dir='ltr'><strong>quosdam</strong></span> <span class='ocrx_word' id='word_1_227' title='bbox 614 2646 779 2718; x_wconf 83' lang='lat' dir='ltr'><strong>in&#39;pectore</strong></span> <span class='ocrx_word' id='word_1_228' title='bbox 795 2647 887 2703; x_wconf 89' lang='lat' dir='ltr'><strong>veluti</strong></span> <span class='ocrx_word' id='word_1_229' title='bbox 907 2656 1078 2720; x_wconf 88' lang='lat' dir='ltr'><strong>receptacu-</strong></span> <span class='ocrx_word' id='word_1_230' title='bbox 1100 2645 1137 2705; x_wconf 84' lang='lat'><strong>77</strong></span> 
     </span>
    </p>

    <p class='ocr_par' dir='ltr' id='par_1_14' title="bbox 183 2723 1168 2816">
     <span class='ocr_line' id='line_1_31' title="bbox 183 2729 1101 2807; baseline -0.001 -21"><span class='ocrx_word' id='word_1_231' title='bbox 183 2729 228 2786; x_wconf 85' lang='lat' dir='ltr'><strong>la:</strong></span> <span class='ocrx_word' id='word_1_232' title='bbox 251 2729 440 2807; x_wconf 75' lang='lat' dir='ltr'><strong>sanguinem,</strong></span> <span class='ocrx_word' id='word_1_233' title='bbox 470 2745 507 2786; x_wconf 81' lang='lat' dir='ltr'><strong>ex</strong></span> <span class='ocrx_word' id='word_1_234' title='bbox 529 2747 585 2806; x_wconf 93' lang='lat' dir='ltr'><strong>quo</strong></span> <span class='ocrx_word' id='word_1_235' title='bbox 606 2747 699 2786; x_wconf 89' lang='lat' dir='ltr'><strong>venae</strong></span> <span class='ocrx_word' id='word_1_236' title='bbox 721 2731 798 2786; x_wconf 89' lang='lat' dir='ltr'><strong>sicut</strong></span> <span class='ocrx_word' id='word_1_237' title='bbox 814 2729 1010 2803; x_wconf 86' lang='lat' dir='ltr'><strong>percipientes</strong></span> <span class='ocrx_word' id='word_1_238' title='bbox 1033 2731 1101 2789; x_wconf 88' lang='lat' dir='ltr'><strong>irri·</strong></span> 
     </span>
    </p>

    <p class='ocr_par' dir='ltr' id='par_1_15' title="bbox 183 2811 1168 2894">
     <span class='ocr_line' id='line_1_32' title="bbox 183 2811 1168 2894; baseline -0.002 -24"><span class='ocrx_word' id='word_1_239' title='bbox 183 2823 309 2890; x_wconf 80' lang='lat' dir='ltr'><strong>gantur3</strong></span> <span class='ocrx_word' id='word_1_240' title='bbox 332 2823 361 2870; x_wconf 91' lang='lat' dir='ltr'><strong>et</strong></span> <span class='ocrx_word' id='word_1_241' title='bbox 383 2815 544 2886; x_wconf 86' lang='lat' dir='ltr'><strong>spiramen,</strong></span> <span class='ocrx_word' id='word_1_242' title='bbox 567 2812 643 2886; x_wconf 89' lang='lat' dir='ltr'><strong>quod</strong></span> <span class='ocrx_word' id='word_1_243' title='bbox 665 2829 778 2870; x_wconf 81' lang='lat' dir='ltr'><strong>rursum</strong></span> <span class='ocrx_word' id='word_1_244' title='bbox 794 2815 881 2894; x_wconf 28' lang='lat' dir='ltr'><strong>&#39;velut</strong></span> <span class='ocrx_word' id='word_1_245' title='bbox 903 2814 932 2868; x_wconf 89' lang='lat' dir='ltr'><strong>in</strong></span> <span class='ocrx_word' id='word_1_246' title='bbox 953 2811 1100 2886; x_wconf 82' lang='lat' dir='ltr'><strong>percepti·</strong></span> <span class='ocrx_word' id='word_1_247' title='bbox 1167 2825 1168 2890; x_wconf 45' lang='lat' dir='ltr'><strong>p</strong></span> 
     </span>
    </p>

    <p class='ocr_par' dir='ltr' id='par_1_16' title="bbox 182 2896 1168 2976">
     <span class='ocr_line' id='line_1_33' title="bbox 182 2896 1168 2976; baseline -0.001 -23"><span class='ocrx_word' id='word_1_248' title='bbox 182 2911 237 2953; x_wconf 72' lang='lat' dir='ltr'><strong>uos</strong></span> <span class='ocrx_word' id='word_1_249' title='bbox 259 2897 428 2954; x_wconf 84' lang='lat' dir='ltr'><strong>extenditur</strong></span> <span class='ocrx_word' id='word_1_250' title='bbox 452 2897 577 2976; x_wconf 85' lang='lat' dir='ltr'><strong>irrigans</strong></span> <span class='ocrx_word' id='word_1_251' title='bbox 603 2898 717 2955; x_wconf 86' lang='lat' dir='ltr'><strong>canales</strong></span> <span class='ocrx_word' id='word_1_252' title='bbox 738 2897 948 2972; x_wconf 86' lang='lat' dir='ltr'><strong>respirationis.</strong></span> <span class='ocrx_word' id='word_1_253' title='bbox 1003 2896 1101 2970; x_wconf 89' lang='lat' dir='ltr'><strong>Atque</strong></span> <span class='ocrx_word' id='word_1_254' title='bbox 1167 2909 1168 2976; x_wconf 60' lang='lat' dir='ltr'><strong>p</strong></span> 
     </span>
    </p>

    <p class='ocr_par' dir='ltr' id='par_1_17' title="bbox 183 2977 1168 3060">
     <span class='ocr_line' id='line_1_34' title="bbox 183 2977 1168 3060; baseline 0.004 -26"><span class='ocrx_word' id='word_1_255' title='bbox 183 2987 250 3035; x_wconf 85' lang='lat' dir='ltr'><strong>tam.</strong></span> <span class='ocrx_word' id='word_1_256' title='bbox 266 2979 413 3052; x_wconf 85' lang='lat' dir='ltr'><strong>duriores,</strong></span> <span class='ocrx_word' id='word_1_257' title='bbox 446 2981 530 3053; x_wconf 86' lang='lat' dir='ltr'><strong>quam</strong></span> <span class='ocrx_word' id='word_1_258' title='bbox 549 2982 696 3040; x_wconf 82' lang='lat' dir='ltr'><strong>molliores</strong></span> <span class='ocrx_word' id='word_1_259' title='bbox 717 2991 834 3060; x_wconf 66' lang='lat' dir='ltr'><strong>parter,</strong></span> <span class='ocrx_word' id='word_1_260' title='bbox 870 2990 1017 3054; x_wconf 87' lang='lat' dir='ltr'><strong>tamquam</strong></span> <span class='ocrx_word' id='word_1_261' title='bbox 1039 2981 1103 3038; x_wconf 89' lang='lat' dir='ltr'><strong>nidi</strong></span> <span class='ocrx_word' id='word_1_262' title='bbox 1167 2977 1168 2980; x_wconf 59' lang='grc'>’</span> 
     </span>
    </p>

    <p class='ocr_par' dir='ltr' id='par_1_18' title="bbox 182 3057 1102 3140">
     <span class='ocr_line' id='line_1_35' title="bbox 182 3057 1102 3140; baseline 0.003 -23"><span class='ocrx_word' id='word_1_263' title='bbox 182 3063 275 3134; x_wconf 86' lang='lat' dir='ltr'><strong>parati</strong></span> <span class='ocrx_word' id='word_1_264' title='bbox 297 3059 372 3120; x_wconf 87' lang='lat' dir='ltr'><strong>si&#39;cut</strong></span> <span class='ocrx_word' id='word_1_265' title='bbox 394 3066 486 3138; x_wconf 88' lang='lat' dir='ltr'><strong>pullos</strong></span> <span class='ocrx_word' id='word_1_266' title='bbox 508 3057 641 3122; x_wconf 85' lang='lat' dir='ltr'><strong>nutriunt</strong></span> <span class='ocrx_word' id='word_1_267' title='bbox 656 3083 738 3122; x_wconf 88' lang='lat' dir='ltr'><strong>osso:</strong></span> <span class='ocrx_word' id='word_1_268' title='bbox 762 3079 884 3140; x_wconf 83' lang='lat' dir='ltr'><strong>quorum</strong></span> <span class='ocrx_word' id='word_1_269' title='bbox 904 3057 1021 3138; x_wconf 84' lang='lat' dir='ltr'><strong>durior&#39;u</strong></span> <span class='ocrx_word' id='word_1_270' title='bbox 1039 3083 1102 3124; x_wconf 84' lang='lat' dir='ltr'><strong>me-</strong></span> 
     </span>
    </p>
   </div>
   <div class='ocr_carea' id='block_1_5' title="bbox 167 3198 1102 3300">
    <p class='ocr_par' dir='ltr' id='par_1_19' title="bbox 167 3198 1102 3300">
     <span class='ocr_line' id='line_1_36' title="bbox 167 3198 1102 3300; baseline -0.002 -18"><span class='ocrx_word' id='word_1_271' title='bbox 167 3261 170 3268; x_wconf 46' lang='lat' dir='ltr'><em>s</em></span> <span class='ocrx_word' id='word_1_272' title='bbox 229 3221 254 3282; x_wconf 70' lang='lat' dir='ltr'><strong>*i</strong></span> <span class='ocrx_word' id='word_1_273' title='bbox 266 3227 369 3276; x_wconf 77' lang='lat' dir='ltr'><strong>¹Genea.</strong></span> <span class='ocrx_word' id='word_1_274' title='bbox 384 3227 420 3291; x_wconf 72' lang='grc' dir='ltr'><strong>ὃ,</strong></span> <span class='ocrx_word' id='word_1_275' title='bbox 438 3223 479 3278; x_wconf 82' lang='grc'><strong>14.</strong></span> <span class='ocrx_word' id='word_1_276' title='bbox 507 3216 512 3227; x_wconf 68' lang='lat'><strong><em>‘</em></strong></span> <span class='ocrx_word' id='word_1_277' title='bbox 531 3225 569 3290; x_wconf 55' lang='grc' dir='ltr'><strong>’ἢ</strong></span> <span class='ocrx_word' id='word_1_278' title='bbox 584 3229 634 3277; x_wconf 87' lang='lat' dir='ltr'><strong>vel</strong></span> <span class='ocrx_word' id='word_1_279' title='bbox 648 3198 809 3282; x_wconf 78' lang='lat' dir='ltr'><strong>rationalem</strong></span> <span class='ocrx_word' id='word_1_280' title='bbox 822 3226 951 3298; x_wconf 81' lang='lat' dir='ltr'><strong>profacto</strong></span> <span class='ocrx_word' id='word_1_281' title='bbox 968 3225 1102 3300; x_wconf 77' lang='lat' dir='ltr'><strong>efficiens.</strong></span> 
     </span>
    </p>
   </div>
   <div class='ocr_carea' id='block_1_6' title="bbox 0 0 1184 3688">
    <p class='ocr_par' dir='ltr' id='par_1_20' title="bbox 0 0 1184 3688">
     <span class='ocr_line' id='line_1_37' title="bbox 0 0 1184 3688; baseline 0 0"><span class='ocrx_word' id='word_1_282' title='bbox 0 0 1184 3688; x_wconf 95' lang='lat' dir='ltr'><strong> </strong></span> 
     </span>
    </p>
   </div>
  </div>
 </body>
</html>
