2360 3688
106 113 779 209 enn.1un.annssr.1n'een.nn.'n.
807 138 917 220 §.aa
938 140 1002 212 aot

41 295 50 312 ⁴
84 264 186 358 duliae
204 299 268 357 nidi
289 277 363 356 sunt
378 308 409 356 et
430 317 532 356 carnes
552 301 699 363 molliores
719 301 878 376 voluptatis
897 298 1003 358 acdo-

84 386 174 442 leris:
209 394 238 440 et
267 393 365 442 cetera
385 384 505 456 siquis
526 384 686 458 disquiret,
719 385 851 443 inveniet
881 383 1004 442 eandem

86 467 197 535 halare
219 477 353 526 naturam
375 478 527 542 annuatur
550 469 634 544 (eum
653 467 749 540 arcu).

88 617 194 690 Quare
216 619 295 678 iudet
316 579 398 678 tarde
419 629 450 678 et
462 617 554 692 feris
573 620 715 687 bisacciae
738 637 842 682 arcem
862 615 963 680 illini?
975 613 1003 698 *)

173 753 198 830 §.
219 747 248 812 4.
292 751 428 808 Bitumen
458 753 566 810 dietum
598 763 643 810 est
667 750 703 810 ob
727 754 870 810 viscosum
893 751 1005 809 tenaci-

87 847 198 909 tatem,
233 855 268 892 eo
288 837 372 914 ¹quod
396 837 595 914 conglutinet,
632 836 771 910 quidquid
792 837 872 909 prius
895 836 1006 892 disinn-
1037 829 1044 848 “
1106 866 1111 878 ·=

88 922 184 990 etum,
206 929 353 993 tamquam
373 919 582 976 indissolubilis
610 931 697 995 atque
718 919 903 976 indivisibilis
926 923 1023 976 eom·'·
1054 981 1057 988 ,
1100 953 1101 956 =

88 1023 188 1083 peges.
231 1003 306 1062 Nam
328 1002 511 1079 emneqnod
532 1004 617 1072 risco
633 997 903 1076 comprehenditur,
924 1003 1006 1062 illico

89 1099 208 1148 tenetur
237 1088 273 1145 ad
301 1089 465 1145 naturalem
486 1089 632 1162 unionem,
683 1084 803 1160 ,Corpus
833 1095 930 1142 antem
951 1104 1012 1143 uo··

88 1183 182 1231 strum
205 1189 241 1229 ex
264 1174 361 1228 inultis
385 1173 592 1246 compositum,
615 1172 796 1228 extrinsecus
818 1171 932 1226 unitum
949 1179 1005 1242 est,
1088 1207 1091 1216 ψ

89 1267 177 1332 atque
197 1259 312 1332 propria
334 1255 502 1315 habitudine
523 1265 656 1326 constat3
681 1256 812 1329 superior
833 1264 931 1312 autern
952 1253 1006 1310 lra-

14 1353 15 1356 ’
89 1341 191 1418 bitndo
212 1341 401 1397 connexionis
422 1341 543 1396 istorum
564 1340 660 1410 anima
681 1349 739 1410 est,
763 1355 835 1414 quae
857 1339 887 1400 in
908 1337 1005 1396 medio

90 1427 251 1483 consistens
273 1422 378 1500 ubique
398 1431 529 1496 permeat
550 1439 642 1495 nsque
665 1421 700 1478 ad
723 1417 924 1498 superficiem,
953 1423 1006 1479 de·
1068 1421 1077 1432 '

66 1507 147 1584 'que
170 1507 322 1582 superficie
344 1507 375 1563 in
397 1505 523 1563 medium
544 1509 683 1564 vertitur:
720 1515 754 1564 ut
785 1507 872 1563 nniea
900 1514 1006 1562 natura

89 1593 246 1666 spiritualis
264 1591 378 1676 ¹duplici
399 1592 589 1648 convolvatur
608 1591 766 1668 ligamine,
794 1590 825 1646 in
847 1589 1005 1646 firmiorem

90 1667 266 1738 soliditatem
287 1676 482 1750 anionemqne
504 1684 646 1748 coaptate.
689 1671 772 1730 Haec
795 1691 865 1750 ergo
886 1691 953 1730 arca
974 1691 1003 1736 Ρ,
1013 1692 1043 1738 A.
1143 1719 1147 1728 .

89 1757 363 1818 attaminandum
391 1759 426 1814 on
461 1749 569 1816 aretam
595 1757 728 1826 'caussam
755 1741 1045 1822 adrianensem
1142 1809 1144 1816 .

91 1845 282 1900 extrinseens.
341 1845 422 1908 thiae
444 1860 514 1900 vero
537 1844 567 1898 in
588 1843 696 1900 sanetis
718 1838 911 1914 (sanctornm)
934 1859 1016 1900 auro

89 1927 214 1998 linitnr‚.
241 1926 435 2003 intelligibilis
466 1927 567 1982 rnundi
589 1925 748 1982 similitudo
774 1935 834 1996 est,
869 1925 946 1981 sicut
971 1927 1007 1992 in

91 2029 225 2068 sermone
254 2012 290 2067 de
321 2013 370 2067 illa
399 2011 579 2068 declaratur:
616 2011 641 2066 si
672 2009 787 2084 quidem
808 2019 953 2084 tamqnam
974 2011 1007 2066 iu
1082 2048 1085 2056 ·

89 2093 191 2172 figuris
209 2095 391 2170 incorporeis
413 2096 580 2152 incarnatus
596 2093 793 2172 intelligibilis¹
806 2093 930 2150 mundns
952 2103 1009 2164 est,

89 2177 176 2237 simul
205 2178 365 2247 exsistens,
396 2193 433 2231 ex
455 2177 568 2231 cunctis
588 2174 689 2251 liguris
710 2175 861 2231 harmonia
874 2169 1007 2247 'quadem

90 2261 268 2319 coalescens.
302 2254 455 2324 'Quoniam
478 2267 585 2332 quanto
606 2275 707 2313 eurum
724 2257 866 2313 bitumine
881 2258 1006 2316 nobilius

91 2354 153 2414 est,
185 2351 225 2398 'eo
256 2349 286 2396 et
308 2357 393 2411 area,
436 2341 562 2413 quaein
584 2342 712 2417 sanetis,
755 2339 809 2398 hac
831 2343 1007 2399 meliorest.

88 2427 249 2500 Propterea
272 2421 356 2480 huius
379 2441 543 2480 mensnram
565 2423 856 2497 quadratam'inssit,
897 2426 1008 2482 utilite·
1048 2483 1054 2492 .

90 2522 150 2569 tem
172 2509 350 2583 respiciens3
371 2509 452 2565 illins
472 2518 567 2564 autem
592 2506 872 2583 imputribilitatem:
902 2519 1012 2567 nature.

92 2597 168 2652 eninr
190 2591 431 2666 incorporeorum
455 2601 543 2665 atque
571 2591 799 2670 intelligibilium
821 2593 1006 2667 imputribilis

97 2688 158 2752 est,
186 2679 353 2751 incorrupta
384 2687 414 2734 et
440 2693 621 2751 permanens.
662 2675 722 2746 lsta
743 2675 800 2732 hue
822 2678 890 2734 illue
905 2673 1008 2756 agita·

92 2773 159 2830 tur‚
188 2764 239 2819 illa
261 2781 332 2819 rere
355 2763 386 2818 in
407 2763 516 2820 sanetis
537 2760 627 2818 hebet
654 2761 813 2817 stationem
834 2778 915 2817 snam
938 2745 1014 2818 con-¹

91 2855 212 2920 stanter.
255 2845 376 2903 Stabilis
399 2855 495 2902 antem
518 2855 643 2924 cognata
665 2852 711 2900 est
732 2843 856 2924 divinae
871 2853 1007 2917 naturae3
1058 2891 1062 2900 .

92 2933 168 2988 sieut
189 2933 258 3003 illa,
280 2945 353 3002 qnae
376 2945 454 2986 nune
469 2931 526 3000 ita,
549 2949 626 2986 nune
648 2929 734 3003 aliter
755 2927 885 2984 variatur
907 2928 1008 2984 demn-

91 3024 227 3088 tatnrque
250 3021 366 3072 creatae
387 3007 546 3094 (naturae).
588 3009 784 3072 Adhaee'ista
805 3029 873 3068 area
895 3011 1007 3084 diluvii,
1066 3067 1073 3082 ¹

143 3241 168 3304 ‘)
190 3245 285 3294 Genea
304 3243 336 3310 6,
355 3201 396 3295 ii.
490 3217 493 3222 Ι
